Date,Description,Comments,Check Number,Amount,Balance
5/27/2020,POS CIRCLE K x6037 3957 W VAN GIESEN      RICHLAND     WAUS,,,($31.63),"$11,168.27 "
5/27/2020,POS FRED-MEYER #0286 FRED MEYER 286         RICHLAND     WAUS,,,($448.00),"$11,199.90 "
5/26/2020,POS  APPLE.COM/BILL         866-712-7753 CAUS,,,($23.86),"$11,647.90 "
5/26/2020,POS  CHIPOTLE 2573          KENNEWICK    WAUS,,,($19.87),"$11,671.76 "
5/26/2020,POS SUPER SUPPLEMENT 5200 W CLEARWATER A    KENNEWICK    WAUS,,,($63.47),"$11,691.63 "
5/23/2020,ATM Withdrawal GESA CREDIT UNION 4755 PARADISE WAY WU   WEST RICHLANDWAUS,,,($100.00),"$11,755.10 "
5/22/2020,External Deposit INTERA  - PAYROLL,,,"$1,803.34 ","$11,855.10 "
5/20/2020,Withdrawal Transfer to x4978,,,($75.00),"$10,051.76 "
5/20/2020,External Withdrawal WEB - UAS  - x6227  NM103*EUAS DEBIT-     x3085\,,,($202.84),"$10,126.76 "
5/20/2020,POS  YOKES WEST RICHLAND    W. RICHLAND  WAUS,,,($38.00),"$10,329.60 "
5/19/2020,POS FRED-MEYER #0286 FRED MEYER 286         RICHLAND     WAUS,,,($266.36),"$10,367.60 "
5/18/2020,POS  APPLE.COM/BILL         866-712-7753 CAUS,,,($6.49),"$10,633.96 "
5/17/2020,POS FRED-MEYER #0163 FRED MEYER 163         KENNEWICK    WAUS,,,($255.48),"$10,640.45 "
5/16/2020,POS MAVERIK #448 3520 KEENE ROAD        RICHLAND     WAUS,,,($9.00),"$10,895.93 "
5/15/2020,POS  AMZN Mktp US*MC6GJ0RM1 Amzn.com/billWAUS,,,($44.29),"$10,904.93 "
5/15/2020,POS  AMAZON.COM             SEATTLE      WAUS,,,($13.99),"$10,949.22 "
5/14/2020,POS  APPLE.COM/BILL         866-712-7753 CAUS,,,($16.28),"$10,963.21 "
5/14/2020,POS  APPLE.COM/BILL         408-974-1010 CAUS,,,($1.08),"$10,979.49 "
5/13/2020,POS  COSTCO WHSE #0486      KENNEWICK    WAUS,,,($468.85),"$10,980.57 "
5/13/2020,ATM Withdrawal GESA CREDIT UNION 4755 PARADISE WAY WU   WEST RICHLANDWAUS,,,($100.00),"$11,449.42 "
5/11/2020,POS FRED-MEYER #0286 FRED MEYER 286         RICHLAND     WAUS,,,($369.96),"$11,549.42 "
5/11/2020,External Withdrawal PAYPAL INSTANT TRANSFER - INST XFER,,,($5.00),"$11,919.38 "
5/9/2020,ATM Withdrawal GESA CREDIT UNION 4755 PARADISE WAY WU   WEST RICHLANDWAUS,,,($100.00),"$11,924.38 "
5/8/2020,External Deposit INTERA  - PAYROLL,,,"$1,803.35 ","$12,024.38 "
5/6/2020,POS  APPLE.COM/BILL         866-712-7753 CAUS,,,($1.08),"$10,221.03 "
5/6/2020,POS  CHIPOTLE 2573          KENNEWICK    WAUS,,,($8.42),"$10,222.11 "
5/3/2020,POS  MAVERIK #448           RICHLAND     WAUS,,,($31.71),"$10,230.53 "
5/2/2020,POS MAVERIK #448 3520 KEENE ROAD        RICHLAND     WAUS,,,($6.00),"$10,262.24 "
5/2/2020,POS  RichlandAirportMiniStorRICHLAND     WAUS,,,($115.00),"$10,268.24 "
4/30/2020,Credit Interest,,,$15.47 ,"$10,383.24 "
4/30/2020,POS  GEICO  *AUTO           800-841-3000 DCUS,,,($49.79),"$10,367.77 "
4/29/2020,POS  APPLE.COM/BILL         866-712-7753 CAUS,,,($1.08),"$10,417.56 "
4/28/2020,POS  COSTCO WHSE #0486      KENNEWICK    WAUS,,,($816.79),"$10,418.64 "
4/25/2020,POS  APPLE.COM/BILL         866-712-7753 CAUS,,,($22.78),"$11,235.43 "
4/25/2020,POS  CHIPOTLE 2573          KENNEWICK    WAUS,,,($19.87),"$11,258.21 "
4/24/2020,POS  APPLE.COM/BILL         866-712-7753 CAUS,,,($21.70),"$11,278.08 "
4/24/2020,External Deposit INTERA  - PAYROLL,,,"$1,803.37 ","$11,299.78 "
4/23/2020,POS  AMZN Mktp US*BD07M8G83 Amzn.com/billWAUS,,,($56.35),"$9,496.41 "
4/23/2020,POS  AMAZON.COM             SEATTLE      WAUS,,,($14.62),"$9,552.76 "
4/21/2020,External Withdrawal WEB - UAS  - x6227  NM103*EUAS DEBIT-     x4558\,,,($202.84),"$9,567.38 "
4/20/2020,Withdrawal Transfer to x4978,,,($75.00),"$9,770.22 "
4/20/2020,POS FRED-MEYER #0286 FRED MEYER 286         RICHLAND     WAUS,,,($61.65),"$9,845.22 "
4/20/2020,POS FRED-MEYER #0286 FRED MEYER 286         RICHLAND     WAUS,,,($442.69),"$9,906.87 "
4/20/2020,POS  APPLE.COM/BILL         866-712-7753 CAUS,,,($1.08),"$10,349.56 "
4/20/2020,ATM Withdrawal GESA CREDIT UNION 4755 PARADISE WAY WU   WEST RICHLANDWAUS,,,($300.00),"$10,350.64 "
4/19/2020,POS  CHIPOTLE 2573          KENNEWICK    WAUS,,,($19.87),"$10,650.64 "
4/17/2020,ATM Withdrawal GESA CREDIT UNION 4755 PARADISE WAY WU   WEST RICHLANDWAUS,,,($600.00),"$10,670.51 "
4/17/2020,POS  SMOKE CITY FOR LESS    KENNEWICK    WAUS,,,($34.73),"$11,270.51 "
4/15/2020,External Deposit ACQUIOM CLEARING  - PAYMENTS,,,$136.60 ,"$11,305.24 "
4/15/2020,POS  APPLE.COM/BILL         866-712-7753 CAUS,,,($1.08),"$11,168.64 "
4/15/2020,External Deposit IRS  TREAS 310  -   TAX REF,,,"$1,200.00 ","$11,169.72 "
4/13/2020,ATM Withdrawal GESA CREDIT UNION 4755 PARADISE WAY WU   WEST RICHLANDWAUS,,,($200.00),"$9,969.72 "
4/13/2020,External Withdrawal PAYPAL INSTANT TRANSFER - INST XFER,,,($10.00),"$10,169.72 "
4/13/2020,External Withdrawal PAYPAL INSTANT TRANSFER - INST XFER,,,($5.00),"$10,179.72 "
4/11/2020,POS  CHIPOTLE 2573          KENNEWICK    WAUS,,,($19.87),"$10,184.72 "
4/10/2020,POS ROCKET MART 5304 W Canal Dr        Kennewick    WAUS,,,($33.74),"$10,204.59 "
4/10/2020,External Deposit INTERA  - PAYROLL,,,"$1,803.34 ","$10,238.33 "
4/7/2020,POS  APPLE.COM/BILL         866-712-7753 CAUS,,,($11.92),"$8,434.99 "
4/4/2020,POS TARGET T-083 1106 N Columbia Cen    Kennewick    WAUS,,,($80.67),"$8,446.91 "
4/4/2020,POS  CHIPOTLE 2573          KENNEWICK    WAUS,,,($19.87),"$8,527.58 "
4/4/2020,POS Wal-Mart Super C 3261 WAL-SAMS          RICHLAND     WAUS,,,($125.44),"$8,547.45 "
4/2/2020,POS  COSTCO WHSE #0486      KENNEWICK    WAUS,,,($541.86),"$8,672.89 "
4/2/2020,POS  RichlandAirportMiniStorRICHLAND     WAUS,,,($115.00),"$9,214.75 "
4/1/2020,POS  APPLE.COM/BILL         866-712-7753 CAUS,,,($1.08),"$9,329.75 "
3/31/2020,Credit Interest,,,$21.93 ,"$9,330.83 "
3/31/2020,POS  LMC BUSINESS OFFICE    509-546-2319 WAUS,,,($22.19),"$9,308.90 "
3/30/2020,POS  GEICO  *AUTO           800-841-3000 DCUS,,,($49.79),"$9,331.09 "
3/30/2020,External Withdrawal PAYPAL INSTANT TRANSFER - INST XFER,,,($16.28),"$9,380.88 "
3/30/2020,POS WAL-MART #3261 2801 DUPORTAIL STRE    RICHLAND     WAUS,,,($57.51),"$9,397.16 "
3/29/2020,POS  CHIPOTLE 2573          KENNEWICK    WAUS,,,($19.87),"$9,454.67 "
3/28/2020,POS TARGET T-083 1106 N Columbia Cen    Kennewick    WAUS,,,($93.12),"$9,474.54 "
3/28/2020,POS  APPLE.COM/BILL         866-712-7753 CAUS,,,($76.00),"$9,567.66 "
3/27/2020,External Deposit INTERA  - PAYROLL,,,"$1,803.36 ","$9,643.66 "
3/25/2020,POS VIOC x0091 25 COLUMBIA POINT D    RICHLAND     WAUS,,,($70.58),"$7,840.30 "
3/25/2020,POS  APPLE.COM/BILL         866-712-7753 CAUS,,,($1.08),"$7,910.88 "
3/23/2020,External Withdrawal NAVI  ED SERV PP ACH TRANSACTION - STUDNTLOAN,,,($277.26),"$7,911.96 "
3/21/2020,POS  CONOCO - KENNEDY MART  WEST RICHLANDWAUS,,,($32.28),"$8,189.22 "
3/21/2020,ATM Withdrawal GESA CREDIT UNION 4755 PARADISE WAY WU   WEST RICHLANDWAUS,,,($200.00),"$8,296.50 "
3/20/2020,Withdrawal Transfer to x4978,,,($75.00),"$8,221.50 "
3/20/2020,External Withdrawal WEB - UAS  - x6227  NM103*EUAS DEBIT-     x4613\,,,($202.84),"$8,496.50 "
3/19/2020,Withdrawal,,,($500.00),"$8,699.34 "
3/19/2020,IAT Withdrawal IAT PAYPAL  x8030  YANG QIAO YUN,,,($23.89),"$9,199.34 "
3/19/2020,External Withdrawal PAYPAL INSTANT TRANSFER - INST XFER,,,($38.02),"$9,223.23 "
3/18/2020,POS  APPLE.COM/BILL         866-712-7753 CAUS,,,($6.49),"$9,261.25 "
3/17/2020,ATM Withdrawal GESA CREDIT UNION 4755 PARADISE WAY WU   WEST RICHLANDWAUS,,,($140.00),"$9,267.74 "
3/17/2020,POS FRED-MEYER #0286 FRED MEYER 286         RICHLAND     WAUS,,,($182.25),"$9,407.74 "
3/17/2020,POS  HONGS MONGOLIAN        KENNEWICK    WAUS,,,($32.95),"$9,589.99 "
3/14/2020,POS  APPLE.COM/BILL         866-712-7753 CAUS,,,($14.29),"$9,622.94 "
3/13/2020,POS  RichlandAirportMiniStor509-x3855  WAUS,,,($130.60),"$9,637.23 "
3/13/2020,External Deposit INTERA  - PAYROLL,,,"$1,803.35 ","$9,767.83 "
3/12/2020,POS  COSTCO WHSE #0486      KENNEWICK    WAUS,,,($368.84),"$7,964.48 "
3/12/2020,POS  SQ *LOTUS OF THE MO    RICHLAND     WAUS,,,($27.15),"$8,333.32 "
3/11/2020,POS CIRCLE K x6037 3957 W VAN GIESEN      RICHLAND     WAUS,,,($43.24),"$8,360.47 "
3/10/2020,POS  DAIRY QUEEN #44819     RICHLAND     WAUS,,,($8.03),"$8,403.71 "
3/10/2020,POS  HONGS MONGOLIAN        KENNEWICK    WAUS,,,($27.52),"$8,411.74 "
3/8/2020,ATM Withdrawal GESA CREDIT UNION 4755 PARADISE WAY WU   WEST RICHLANDWAUS,,,($100.00),"$8,439.26 "
3/8/2020,POS  CHIPOTLE 2573          KENNEWICK    WAUS,,,($16.83),"$8,539.26 "
3/3/2020,POS FRED-MEYER #0286 FRED MEYER 286         RICHLAND     WAUS,,,($194.45),"$8,556.09 "
3/3/2020,POS  HONGS MONGOLIAN        KENNEWICK    WAUS,,,($28.59),"$8,750.54 "
3/2/2020,POS CIRCLE K x6037 3957 W VAN GIESEN      RICHLAND     WAUS,,,($41.63),"$8,779.13 "
2/29/2020,Credit Interest,,,$13.89 ,"$8,820.76 "
2/29/2020,POS FRED-MEYER #0163 FRED MEYER 163         KENNEWICK    WAUS,,,($117.50),"$8,806.87 "
2/29/2020,POS  GEICO  *AUTO           800-841-3000 DCUS,,,($49.79),"$8,924.37 "
2/29/2020,POS  CHIPOTLE 2573          KENNEWICK    WAUS,,,($22.91),"$8,974.16 "
2/29/2020,POS  THREE FLAMES MONGOLIAN RICHLAND     WAUS,,,($15.38),"$8,997.07 "
2/28/2020,External Withdrawal PAYPAL INSTANT TRANSFER - INST XFER,,,($16.28),"$9,012.45 "
2/28/2020,External Deposit INTERA  - PAYROLL,,,"$1,803.34 ","$9,028.73 "
2/28/2020,POS  MACYS   .COM           800-289-6229 OHUS,,,($87.91),"$7,225.39 "
2/27/2020,External Deposit TAX PRODUCTS PE1 ORIG GREEN DOT BANK - SBTPG LLC,,,"$1,879.12 ","$7,313.30 "
2/25/2020,External Deposit OR REVENUE DEPT  - ORSTTAXRFD,,,$127.00 ,"$5,434.18 "
2/25/2020,POS  CHIPOTLE 2573          KENNEWICK    WAUS,,,($22.91),"$5,307.18 "
2/24/2020,External Withdrawal NAVI  ED SERV PP ACH TRANSACTION - STUDNTLOAN,,,($277.26),"$5,330.09 "
2/23/2020,POS  MAVERIK #448           RICHLAND     WAUS,,,($36.76),"$5,607.35 "
2/23/2020,POS  APPLE.COM/BILL         866-712-7753 CAUS,,,($1.08),"$5,644.11 "
2/22/2020,ATM Withdrawal GESA CREDIT UNION 4755 PARADISE WAY WU   WEST RICHLANDWAUS,,,($100.00),"$5,645.19 "
2/22/2020,POS  COSTCO WHSE #0486      KENNEWICK    WAUS,,,($268.58),"$5,745.19 "
2/21/2020,External Withdrawal WEB - UAS  - x6227  NM103*EUAS DEBIT-     x9016\,,,($202.84),"$6,013.77 "
2/21/2020,POS  AMZN Mktp US*171Q19L93 Amzn.com/billWAUS,,,($155.70),"$6,216.61 "
2/20/2020,POS  AMAZON.COM             SEATTLE      WAUS,,,($21.11),"$6,372.31 "
2/20/2020,POS  HONGS MONGOLIAN        KENNEWICK    WAUS,,,($28.59),"$6,393.42 "
2/19/2020,POS  APPLE.COM/BILL         866-712-7753 CAUS,,,($1.08),"$6,422.01 "
2/19/2020,POS FRED-MEYER #0163 FRED MEYER 163         KENNEWICK    WAUS,,,($73.88),"$6,423.09 "
2/15/2020,POS FRED-MEYER #0163 FRED MEYER 163         KENNEWICK    WAUS,,,($179.87),"$6,496.97 "
2/14/2020,POS  YOKES WEST RICHLAND    W. RICHLAND  WAUS,,,($31.54),"$6,676.84 "
2/14/2020,POS  CHIPOTLE 2573          KENNEWICK    WAUS,,,($22.91),"$6,708.38 "
2/14/2020,POS  MAVERIK #448           RICHLAND     WAUS,,,($35.72),"$6,731.29 "
2/14/2020,External Deposit INTERA  - PAYROLL,,,"$1,803.36 ","$6,767.01 "
2/12/2020,POS  APPLE.COM/BILL         866-712-7753 CAUS,,,($1.08),"$4,963.65 "
2/12/2020,POS  HONGS MONGOLIAN        KENNEWICK    WAUS,,,($29.59),"$4,964.73 "
2/11/2020,ATM Withdrawal GESA CREDIT UNION 4755 PARADISE WAY WU   WEST RICHLANDWAUS,,,($100.00),"$4,994.32 "
2/10/2020,POS  YOKES WEST RICHLAND    W. RICHLAND  WAUS,,,($17.41),"$5,094.32 "
2/10/2020,POS  MARSHALLS #1217 2921 QURICHLAND     WAUS,,,($124.55),"$5,111.73 "
2/7/2020,POS  THREE FLAMES MONGOLIAN RICHLAND     WAUS,,,($32.48),"$5,236.28 "
2/5/2020,POS  APPLE.COM/BILL         866-712-7753 CAUS,,,($1.08),"$5,268.76 "
2/3/2020,POS  MAVERIK #448           RICHLAND     WAUS,,,($41.41),"$5,269.84 "
2/3/2020,POS MAVERIK #448 3520 KEENE ROAD        RICHLAND     WAUS,,,($5.97),"$5,311.25 "
2/2/2020,POS SUPER SUPPLEMENT 5200 W CLEARWATER A    KENNEWICK    WAUS,,,($106.91),"$5,317.22 "
2/2/2020,POS  RichlandAirportMiniStorRICHLAND     WAUS,,,($115.00),"$5,424.13 "
2/2/2020,POS  CHIPOTLE 2573          KENNEWICK    WAUS,,,($25.63),"$5,539.13 "
2/1/2020,ATM Withdrawal GESA CREDIT UNION 4755 PARADISE WAY WU   WEST RICHLANDWAUS,,,($140.00),"$5,564.76 "
2/1/2020,POS  THREE FLAMES MONGOLIAN RICHLAND     WAUS,,,($15.64),"$5,704.76 "
1/31/2020,Credit Interest,,,$10.98 ,"$5,720.40 "
1/31/2020,POS  HONGS MONGOLIAN        KENNEWICK    WAUS,,,($28.59),"$5,709.42 "
1/31/2020,External Deposit INTERA  - PAYROLL,,,"$1,803.36 ","$5,738.01 "
1/30/2020,POS  GEICO  *AUTO           800-841-3000 DCUS,,,($49.79),"$3,934.65 "
1/28/2020,External Withdrawal PAYPAL INSTANT TRANSFER - INST XFER,,,($16.28),"$3,984.44 "
1/28/2020,POS  APPLE.COM/BILL         866-712-7753 CAUS,,,($21.71),"$4,000.72 "
1/27/2020,POS  APPLE.COM/BILL         866-712-7753 CAUS,,,($1.08),"$4,022.43 "
1/27/2020,POS 7-ELEVEN 2411 GEORGE WASH W     RICHLAND     WAUS,,,($40.33),"$4,023.51 "
1/27/2020,POS  HONGS MONGOLIAN        KENNEWICK    WAUS,,,($28.59),"$4,063.84 "
1/26/2020,POS  COSTCO WHSE #0486      KENNEWICK    WAUS,,,($336.46),"$4,092.43 "
1/25/2020,POS FRED-MEYER #0163 FRED MEYER 163         KENNEWICK    WAUS,,,($201.78),"$4,428.89 "
1/25/2020,POS  CHIPOTLE 2573          KENNEWICK    WAUS,,,($22.91),"$4,630.67 "
1/24/2020,POS  APPLE.COM/BILL         866-712-7753 CAUS,,,($1.08),"$4,653.58 "
1/23/2020,POS 7-ELEVEN 2411 GEORGE WASH W     RICHLAND     WAUS,,,($2.70),"$4,654.66 "
1/22/2020,POS  OFFICE DEPOT 00 1717 GERICHLAND     WAUS,,,($15.18),"$4,657.36 "
1/22/2020,POS  WA DOL LIC & REG 56793 RICHLAND     WAUS,,,($70.50),"$4,672.54 "
1/22/2020,External Withdrawal CAPITAL ONE  - MOBILE PMT,,,($55.00),"$4,743.04 "
1/22/2020,External Withdrawal WEB - UAS  - x6227  NM103*EUAS DEBIT-     x7694\,,,($202.84),"$4,798.04 "
1/21/2020,ATM Withdrawal GESA CREDIT UNION 4755 PARADISE WAY WU   WEST RICHLANDWAUS,,,($120.00),"$5,000.88 "
1/21/2020,POS 7-ELEVEN 2411 GEORGE WASH W     RICHLAND     WAUS,,,($13.03),"$5,120.88 "
1/21/2020,POS  APPLE.COM/BILL         866-712-7753 CAUS,,,($1.08),"$5,133.91 "
1/21/2020,POS 7-ELEVEN 3606 W CLEARWATER      KENNEWICK    WAUS,,,($6.67),"$5,134.99 "
1/19/2020,POS  YOKES WEST RICHLAND    W. RICHLAND  WAUS,,,($73.28),"$5,141.66 "
1/19/2020,POS  CHIPOTLE 2573          KENNEWICK    WAUS,,,($22.91),"$5,214.94 "
1/19/2020,POS  MAVERIK #448           RICHLAND     WAUS,,,($42.41),"$5,237.85 "
1/17/2020,POS  HONGS MONGOLIAN        KENNEWICK    WAUS,,,($25.68),"$5,280.26 "
1/17/2020,External Deposit INTERA  - PAYROLL,,,"$1,803.35 ","$5,305.94 "
1/17/2020,POS FRED-MEYER #0163 FRED MEYER 163         KENNEWICK    WAUS,,,($264.77),"$3,502.59 "
1/15/2020,POS 7-ELEVEN 2411 GEORGE WASH W     RICHLAND     WAUS,,,($9.77),"$3,767.36 "
1/15/2020,POS  APPLE.COM/BILL         866-712-7753 CAUS,,,($1.08),"$3,777.13 "
1/14/2020,POS  ALASKA AIR  x9515SEATTLE      WAUS,,,($334.40),"$3,778.21 "
1/13/2020,POS  CHIPOTLE 2573          KENNEWICK    WAUS,,,($22.91),"$4,112.61 "
1/13/2020,POS MAVERIK #504 4306 W. CLEARWATER     KENNEWICK    WAUS,,,($36.05),"$4,135.52 "
1/12/2020,ATM Withdrawal WEST RICHLAND PLAZA 2 4000 KENNEDY RD        WEST RICHLANDWA,,,($103.00),"$4,171.57 "
1/12/2020,POS  MAVERIK #448           RICHLAND     WAUS,,,($39.32),"$4,274.57 "
1/12/2020,POS 7-ELEVEN 1540 JADWIN AVENUE     RICHLAND     WAUS,,,($13.03),"$4,313.89 "
1/10/2020,POS  HONGS MONGOLIAN        KENNEWICK    WAUS,,,($23.77),"$4,326.92 "
1/8/2020,POS  CHIPOTLE 2573          KENNEWICK    WAUS,,,($22.91),"$4,350.69 "
1/8/2020,POS  APPLE.COM/BILL         866-712-7753 CAUS,,,($1.08),"$4,373.60 "
1/6/2020,POS 7-ELEVEN 2411 GEORGE WASH W     RICHLAND     WAUS,,,($19.00),"$4,374.68 "
1/6/2020,POS  HONGS MONGOLIAN        KENNEWICK    WAUS,,,($25.68),"$4,393.68 "
1/5/2020,ATM Withdrawal GESA CREDIT UNION 100 N HUNTINGTON STREETKENNEWICK    WAUS,,,($120.00),"$4,419.36 "
1/4/2020,POS  TRIOS HEALTH           x5802   WAUS,,,($300.22),"$4,539.36 "
1/3/2020,External Deposit INTERA  - PAYROLL,,,"$1,800.71 ","$4,839.58 "
1/3/2020,"POS  CHEVRON/CHRISTENSEN, INWEST RICHLANDWAUS",,,($42.42),"$3,038.87 "
1/2/2020,POS  RichlandAirportMiniStorRICHLAND     WAUS,,,($115.00),"$3,081.29 "
1/2/2020,POS  CHIPOTLE 2573          KENNEWICK    WAUS,,,($22.91),"$3,196.29 "
1/2/2020,POS  APPLE.COM/BILL         866-712-7753 CAUS,,,($1.08),"$3,219.20 "
12/31/2019,Credit Interest,,,$7.41 ,"$3,220.28 "
12/31/2019,POS 7-ELEVEN 2411 GEORGE WASH W     RICHLAND     WAUS,,,($12.76),"$3,212.87 "
12/30/2019,POS  COSTCO WHSE #0486      KENNEWICK    WAUS,,,($145.50),"$3,225.63 "
12/30/2019,POS  GEICO  *AUTO           800-841-3000 DCUS,,,($48.77),"$3,371.13 "
12/30/2019,External Withdrawal PAYPAL INSTANT TRANSFER - INST XFER,,,($16.28),"$3,419.90 "
12/30/2019,POS  HONGS MONGOLIAN        KENNEWICK    WAUS,,,($27.00),"$3,436.18 "
12/29/2019,POS  CHIPOTLE 2573          KENNEWICK    WAUS,,,($22.91),"$3,463.18 "
12/28/2019,ATM Withdrawal GESA CREDIT UNION 4755 PARADISE WAY WU   WEST RICHLANDWAUS,,,($100.00),"$3,486.09 "
12/26/2019,POS  APPLE.COM/BILL         866-712-7753 CAUS,,,($1.08),"$3,586.09 "
12/23/2019,POS 7-ELEVEN 2411 GEORGE WASH W     RICHLAND     WAUS,,,($6.52),"$3,587.17 "
12/23/2019,POS  HONGS MONGOLIAN        KENNEWICK    WAUS,,,($26.00),"$3,593.69 "
12/22/2019,POS CIRCLE K x6047 1405 N. WENATCHEE A    WENATCHEE    WAUS,,,($21.43),"$3,619.69 "
12/22/2019,POS  THE BLACK ORCHID       LEAVENWORTH  WAUS,,,($15.92),"$3,641.12 "
12/21/2019,POS  DAIRY QUEEN #18550     WENATCHEE    WAUS,,,($6.50),"$3,657.04 "
12/21/2019,POS  MAVERIK #448           RICHLAND     WAUS,,,($44.28),"$3,663.54 "
12/20/2019,POS  MARSHALLS #1217 2921 QURICHLAND     WAUS,,,($20.61),"$3,707.82 "
12/20/2019,ATM Withdrawal WEST RICHLAND PLAZA 2 4000 KENNEDY RD        WEST RICHLANDWA,,,($103.00),"$3,728.43 "
12/20/2019,External Withdrawal WEB - UAS  - x6227  NM103*EUAS DEBIT-     x4492\,,,($209.47),"$3,831.43 "
12/20/2019,External Deposit INTERA  - PAYROLL,,,"$1,808.22 ","$4,040.90 "
12/20/2019,POS TJ MAXX #805 1220 N COLUMBIA BLV    KENNEWICK    WAUS,,,($9.73),"$2,232.68 "
12/19/2019,POS  COSTCO WHSE #0486      KENNEWICK    WAUS,,,($162.88),"$2,242.41 "
12/19/2019,POS FRED-MEYER #0286 FRED MEYER 286         RICHLAND     WAUS,,,($261.86),"$2,405.29 "
12/18/2019,POS 7-ELEVEN 2411 GEORGE WASH W     RICHLAND     WAUS,,,($5.25),"$2,667.15 "
12/18/2019,POS  APPLE.COM/BILL         866-712-7753 CAUS,,,($1.08),"$2,672.40 "
12/18/2019,POS  SMOKE CITY             RICHLAND     WAUS,,,($16.28),"$2,673.48 "
12/17/2019,POS CIRCLE K x6037 3957 W VAN GIESEN      RICHLAND     WAUS,,,($21.57),"$2,689.76 "
12/16/2019,POS  CHIPOTLE 2573          KENNEWICK    WAUS,,,($19.87),"$2,711.33 "
12/15/2019,POS  TJ MAXX #805 1220 N COLKENNEWICK    WAUS,,,($79.56),"$2,731.20 "
12/15/2019,POS  THREE FLAMES MONGOLIAN RICHLAND     WAUS,,,($29.06),"$2,810.76 "
12/13/2019,POS 7-ELEVEN 2411 GEORGE WASH W     RICHLAND     WAUS,,,($3.26),"$2,839.82 "
12/13/2019,POS  LOURDES HEALTH NETWORK 509-542-3044 WAUS,,,($50.00),"$2,843.08 "
12/12/2019,POS  AMZN Mktp US*7839V6YF3 Amzn.com/billWAUS,,,($71.68),"$2,893.08 "
12/11/2019,POS 7-ELEVEN 2411 GEORGE WASH W     RICHLAND     WAUS,,,($7.24),"$2,964.76 "
12/11/2019,POS  APPLE.COM/BILL         866-712-7753 CAUS,,,($1.08),"$2,972.00 "
12/8/2019,POS  COSTCO WHSE #0486      KENNEWICK    WAUS,,,($235.16),"$2,973.08 "
12/7/2019,POS MARSHALLS #1217 2921 QUEENSGATE DR     RICHLAND     WAUS,,,($10.85),"$3,208.24 "
12/7/2019,POS TARGET T-2314 2941 Queensgate Dr     Richland     WAUS,,,($48.75),"$3,219.09 "
12/7/2019,POS  ULTA #1317             RICHLAND     WAUS,,,($95.57),"$3,267.84 "
12/6/2019,POS YOKES WEST RICHL 1401 BOMBING RANGE     W. RICHLAND  WAUS,,,($131.06),"$3,363.41 "
12/6/2019,POS 7-ELEVEN 2411 GEORGE WASH W     RICHLAND     WAUS,,,($10.83),"$3,494.47 "
12/6/2019,External Deposit INTERA  - PAYROLL,,,"$1,808.24 ","$3,505.30 "
12/5/2019,POS 7-ELEVEN 2411 GEORGE WASH W     RICHLAND     WAUS,,,($47.96),"$1,697.06 "
12/5/2019,POS 7-ELEVEN 2411 GEORGE WASH W     RICHLAND     WAUS,,,($4.66),"$1,745.02 "
12/5/2019,POS  CHIPOTLE 2573          KENNEWICK    WAUS,,,($19.87),"$1,749.68 "
12/4/2019,POS  APPLE.COM/BILL         866-712-7753 CAUS,,,($1.08),"$1,769.55 "
12/4/2019,External Withdrawal PAYPAL INSTANT TRANSFER - INST XFER,,,($53.16),"$1,770.63 "
12/3/2019,POS 7-ELEVEN 2411 GEORGE WASH W     RICHLAND     WAUS,,,($3.26),"$1,823.79 "
12/2/2019,POS  RichlandAirportMiniStorRICHLAND     WAUS,,,($115.00),"$1,827.05 "
12/1/2019,POS  DAIRY QUEEN #44819     RICHLAND     WAUS,,,($7.92),"$1,942.05 "
12/1/2019,POS YOKES WEST RICHL 1401 BOMBING RANGE     W. RICHLAND  WAUS,,,($12.76),"$1,949.97 "
11/30/2019,Credit Interest,,,$3.93 ,"$1,962.73 "
11/30/2019,ATM Withdrawal GESA CREDIT UNION 4755 PARADISE WAY WU   WEST RICHLANDWAUS,,,($140.00),"$1,958.80 "
11/30/2019,POS  GEICO  *AUTO           800-841-3000 DCUS,,,($48.77),"$2,098.80 "
11/30/2019,POS  THREE FLAMES MONGOLIAN RICHLAND     WAUS,,,($31.24),"$2,147.57 "
11/29/2019,POS YOKES WEST RICHL 1401 BOMBING RANGE     W. RICHLAND  WAUS,,,($34.83),"$2,178.81 "
11/29/2019,External Withdrawal PAYPAL INSTANT TRANSFER - INST XFER,,,($16.28),"$2,213.64 "
11/26/2019,POS  MAVERIK #448           RICHLAND     WAUS,,,($46.88),"$2,229.92 "
11/23/2019,POS  COSTCO WHSE #0486      KENNEWICK    WAUS,,,($197.33),"$2,276.80 "
11/23/2019,POS  APPLE.COM/BILL         866-712-7753 CAUS,,,($1.08),"$2,474.13 "
11/22/2019,POS 7-ELEVEN 2411 GEORGE WASH W     RICHLAND     WAUS,,,($3.26),"$2,475.21 "
11/22/2019,External Deposit INTERA  - PAYROLL,,,"$1,808.23 ","$2,478.47 "
11/21/2019,POS  THREE FLAMES MONGOLIAN RICHLAND     WAUS,,,($13.95),$670.24 
11/21/2019,External Withdrawal WEB - UAS  - x6227  NM103*EUAS DEBIT-     x6954\,,,($209.47),$684.19 
11/21/2019,POS  HONGS MONGOLIAN        KENNEWICK    WAUS,,,($26.00),$893.66 
11/20/2019,POS  APPLE.COM/BILL         866-712-7753 CAUS,,,($1.08),$919.66 
11/17/2019,POS  SMOKE CITY             RICHLAND     WAUS,,,($43.43),$920.74 
11/17/2019,POS  THREE FLAMES MONGOLIAN RICHLAND     WAUS,,,($30.06),$964.17 
11/16/2019,POS  APPLE.COM/BILL         866-712-7753 CAUS,,,($1.08),$994.23 
11/15/2019,POS 7-ELEVEN 2411 GEORGE WASH W     RICHLAND     WAUS,,,($46.53),$995.31 
11/13/2019,POS  CHIPOTLE 2573          KENNEWICK    WAUS,,,($23.35),"$1,041.84 "
11/12/2019,POS VIOC x0091 25 COLUMBIA POINT D    RICHLAND     WAUS,,,($233.47),"$1,065.19 "
11/10/2019,POS  COSTCO WHSE #0486      KENNEWICK    WAUS,,,($170.97),"$1,298.66 "
11/10/2019,POS FRED-MEYER #0286 FRED MEYER 286         RICHLAND     WAUS,,,($201.01),"$1,469.63 "
11/10/2019,POS  THREE FLAMES MONGOLIAN RICHLAND     WAUS,,,($30.06),"$1,670.64 "
11/7/2019,POS PANDORAS BOX 960 GEORGE WASHINGT    RICHLAND     WAUS,,,($24.95),"$1,700.70 "
11/6/2019,POS 7-ELEVEN 2411 GEORGE WASH W     RICHLAND     WAUS,,,($7.36),"$1,725.65 "
11/6/2019,"POS  CHEVRON/CHRISTENSEN, INWEST RICHLANDWAUS",,,($53.98),"$1,733.01 "
11/6/2019,POS  APPLE.COM/BILL         866-712-7753 CAUS,,,($1.08),"$1,786.99 "
11/4/2019,External Withdrawal PAYPAL INSTANT TRANSFER - INST XFER,,,($67.28),"$1,788.07 "
11/4/2019,POS  CHIPOTLE 2573          KENNEWICK    WAUS,,,($23.35),"$1,855.35 "
11/4/2019,POS  GET AIR TRI-CITIES     KENNEWICK    WAUS,,,($14.12),"$1,878.70 "
11/2/2019,POS  RichlandAirportMiniStorRICHLAND     WAUS,,,($115.00),"$1,892.82 "
11/1/2019,"External Deposit APEX SYSTEMS, LL  - DIR DEP",,,$622.56 ,"$2,007.82 "
10/31/2019,Credit Interest,,,$3.15 ,"$1,385.26 "
10/30/2019,POS PANDORAS BOX 960 GEORGE WASHINGT    RICHLAND     WAUS,,,($86.86),"$1,382.11 "
10/30/2019,POS WAL-MART #3261 2801 DUPORTAIL STRE    RICHLAND     WAUS,,,($34.97),"$1,468.97 "
10/30/2019,POS  GEICO  *AUTO           800-841-3000 DCUS,,,($48.77),"$1,503.94 "
10/30/2019,POS  APPLE.COM/BILL         866-712-7753 CAUS,,,($1.08),"$1,552.71 "
10/29/2019,POS PANDORAS BOX 960 GEORGE WASHINGT    RICHLAND     WAUS,,,($38.00),"$1,553.79 "
10/29/2019,POS WM SUPERCENTER # Wal-Mart Super Cent    RICHLAND     WAUS,,,($44.54),"$1,591.79 "
10/29/2019,ATM Withdrawal GESA CREDIT UNION 4755 PARADISE WAY WU   WEST RICHLANDWAUS,,,($100.00),"$1,636.33 "
10/28/2019,External Withdrawal PAYPAL INSTANT TRANSFER - INST XFER,,,($16.28),"$1,736.33 "
10/27/2019,POS  AUTOZONE  3733 1701 GEORICHLAND     WAUS,,,($16.28),"$1,752.61 "
10/27/2019,POS TARGET T-2314 2941 Queensgate Dr     Richland     WAUS,,,($79.10),"$1,768.89 "
10/27/2019,POS  THREE FLAMES MONGOLIAN RICHLAND     WAUS,,,($32.32),"$1,847.99 "
10/26/2019,ATM Withdrawal GESA CREDIT UNION 4755 PARADISE WAY WU   WEST RICHLANDWAUS,,,($160.00),"$1,880.31 "
10/26/2019,POS  SHELL OIL x3000  UMATILLA     ORUS,,,($47.11),"$2,040.31 "
10/25/2019,"External Deposit APEX SYSTEMS, LL  - DIR DEP",,,$896.10 ,"$2,087.42 "
10/23/2019,POS  APL*ITUNES.COM/BILL    866-712-7753 CAUS,,,($1.08),"$1,191.32 "
10/23/2019,POS  CITY OF RICHLAND       WWW.CI.RICHLAWAUS,,,($30.46),"$1,192.40 "
10/22/2019,POS  TRIOS HEALTH           509-221-5802 WAUS,,,($267.18),"$1,222.86 "
10/22/2019,POS  CHIPOTLE 2573          KENNEWICK    WAUS,,,($20.09),"$1,490.04 "
10/22/2019,POS  LOURDES HEALTH NETWORK 509-542-3044 WAUS,,,($50.00),"$1,510.13 "
10/22/2019,POS  MEN ZONE KENNEWICK     KENNEWICK    WAUS,,,($32.00),"$1,560.13 "
10/22/2019,"POS  CHEVRON/CHRISTENSEN, INWEST RICHLANDWAUS",,,($45.11),"$1,592.13 "
10/21/2019,POS  COSTCO WHSE #0486      KENNEWICK    WAUS,,,($165.92),"$1,637.24 "
10/21/2019,POS  DAIRY QUEEN #13768     RICHLAND     WAUS,,,($8.17),"$1,803.16 "
10/20/2019,POS  SAFEWAY #0333          RICHLAND     WAUS,,,($24.40),"$1,811.33 "
10/20/2019,POS  THREE FLAMES MONGOLIAN RICHLAND     WAUS,,,($17.00),"$1,835.73 "
10/18/2019,"External Deposit APEX SYSTEMS, LL  - DIR DEP",,,$896.11 ,"$1,852.73 "
10/17/2019,POS  TEXACO x2816         UMATILLA     ORUS,,,($50.63),$956.62 
10/15/2019,POS  APL*ITUNES.COM/BILL    866-712-7753 CAUS,,,($1.08),"$1,007.25 "
10/12/2019,POS  COSTCO WHSE #0486      KENNEWICK    WAUS,,,($273.09),"$1,008.33 "
10/12/2019,POS  DICK'S SPORTING GOODS  KENNEWICK    WAUS,,,($54.30),"$1,281.42 "
10/12/2019,POS  TEXACO x2816         UMATILLA     ORUS,,,($47.09),"$1,335.72 "
10/11/2019,External Deposit WA ST EMPLOY SEC  - UI BENEFIT,,,$497.00 ,"$1,382.81 "
10/9/2019,POS  SHELL OIL x2000  IRRIGON      ORUS,,,($37.36),$885.81 
10/9/2019,POS  APL*ITUNES.COM/BILL    866-712-7753 CAUS,,,($1.08),$923.17 
10/8/2019,POS  HONGS MONGOLIAN        KENNEWICK    WAUS,,,($26.00),$924.25 
10/6/2019,POS FRED-MEYER #0286 FRED MEYER 286         RICHLAND     WAUS,,,($45.62),$950.25 
10/4/2019,External Deposit WA ST EMPLOY SEC  - UI BENEFIT,,,$497.00 ,$995.87 
10/2/2019,POS  CHIPOTLE 2573          KENNEWICK    WAUS,,,($20.63),$498.87 
10/2/2019,External Withdrawal Bella Vista Oper x9709 - Rent,,,($570.59),$519.50 
10/2/2019,External Withdrawal PAYPAL INSTANT TRANSFER - INST XFER,,,($54.90),"$1,090.09 "
10/2/2019,POS  RichlandAirportMiniStorRICHLAND     WAUS,,,($115.00),"$1,144.99 "
10/2/2019,POS  LOURDES HEALTH NETWORK 509-542-3044 WAUS,,,($50.00),"$1,259.99 "
10/1/2019,POS  APL*ITUNES.COM/BILL    866-712-7753 CAUS,,,($1.08),"$1,309.99 "
10/1/2019,POS YOKES WEST RICHL 1401 BOMBING RANGE     W. RICHLAND  WAUS,,,($11.39),"$1,311.07 "
10/1/2019,"POS  CHEVRON/CHRISTENSEN, INWEST RICHLANDWAUS",,,($48.53),"$1,322.46 "
10/1/2019,ATM Deposit GESA CREDIT UNION 4755 PARADISE WAY WU   WEST RICHLANDWAUS,,,$200.00 ,"$1,370.99 "
9/30/2019,Credit Interest,,,$2.48 ,"$1,170.99 "
9/30/2019,POS  GEICO  *AUTO           800-841-3000 DCUS,,,($48.77),"$1,168.51 "
9/30/2019,External Withdrawal PAYPAL INSTANT TRANSFER - INST XFER,,,($16.28),"$1,217.28 "
9/26/2019,External Deposit WA ST EMPLOY SEC  - UI BENEFIT,,,$497.00 ,"$1,233.56 "
9/26/2019,POS  HONGS MONGOLIAN        KENNEWICK    WAUS,,,($26.35),$736.56 
9/25/2019,POS  APL*ITUNES.COM/BILL    866-712-7753 CAUS,,,($1.08),$762.91 
9/23/2019,External Withdrawal Carta e77fc3984 EDI - EDI PYMNTS,,,($366.63),$763.99 
9/21/2019,POS  COSTCO WHSE #0486      KENNEWICK    WAUS,,,($117.87),"$1,130.62 "
9/21/2019,POS FRED-MEYER #0163 FRED MEYER 163         KENNEWICK    WAUS,,,($124.26),"$1,248.49 "
9/20/2019,External Withdrawal CSI RchLnd PRE-AUTH TRANSACTION - UTLPAYMENT,,,($125.26),"$1,372.75 "
9/20/2019,External Deposit PAYPAL TRANSFER - TRANSFER,,,$1.85 ,"$1,498.01 "
9/20/2019,External Deposit PAYPAL TRANSFER - TRANSFER,,,$21.53 ,"$1,496.16 "
9/19/2019,External Deposit WA ST EMPLOY SEC  - UI BENEFIT,,,$497.00 ,"$1,474.63 "
9/19/2019,External Withdrawal PAYPAL INSTANT TRANSFER - INST XFER,,,($1.35),$977.63 
9/19/2019,IAT Withdrawal IAT PAYPAL  x4131  COLVNECK,,,($15.70),$978.98 
9/18/2019,POS  DQ GRILL & CHILL #41661RICHLAND     WAUS,,,($6.51),$994.68 
9/18/2019,POS CIRCLE K x6037 3957 W VAN GIESEN      RICHLAND     WAUS,,,($43.71),"$1,001.19 "
9/18/2019,POS  APL*ITUNES.COM/BILL    866-712-7753 CAUS,,,($1.08),"$1,044.90 "
9/17/2019,POS TJ MAXX #805 1220 N COLUMBIA BLV    KENNEWICK    WAUS,,,($11.72),"$1,045.98 "
9/16/2019,POS  CHIPOTLE 2573          KENNEWICK    WAUS,,,($20.63),"$1,057.70 "
9/16/2019,IAT Withdrawal IAT PAYPAL  x4872  YU YAO SHI MAI DUN MAO YI YOU XIAN,,,($21.53),"$1,078.33 "
9/16/2019,External Withdrawal PAYPAL INSTANT TRANSFER - INST XFER,,,($1.85),"$1,099.86 "
9/16/2019,POS  SQ *ROASTERS WEST R    WEST RICHLANDWAUS,,,($4.50),"$1,101.71 "
9/15/2019,POS  COSTCO WHSE #0486      KENNEWICK    WAUS,,,($131.82),"$1,106.21 "
9/13/2019,External Deposit WA ST EMPLOY SEC  - UI BENEFIT,,,$497.00 ,"$1,238.03 "
9/12/2019,POS  OUTBACK 4617           KENNEWICK    WAUS,,,($100.71),$741.03 
9/11/2019,POS  ALBERTSONS #0252       RICHLAND     WAUS,,,($25.37),$841.74 
9/11/2019,POS  APL*ITUNES.COM/BILL    866-712-7753 CAUS,,,($1.08),$867.11 
9/10/2019,POS FRED-MEYER #0163 FRED MEYER 163         KENNEWICK    WAUS,,,($74.85),$868.19 
9/10/2019,POS  HONGS MONGOLIAN        KENNEWICK    WAUS,,,($25.00),$943.04 
9/9/2019,External Deposit WA ST EMPLOY SEC  - UI BENEFIT,,,$497.00 ,$968.04 
9/9/2019,External Withdrawal CHARTER COMMUNIC  - CHARTER CO,,,($65.99),$471.04 
9/6/2019,POS  SAFEWAY #0333          RICHLAND     WAUS,,,($36.86),$537.03 
9/6/2019,POS  ARCO#82778AMPM 82778   YAKIMA       WAUS,,,($33.18),$573.89 
9/4/2019,POS  MARSHALLS #1217 2921 QURICHLAND     WAUS,,,($42.95),$607.07 
9/4/2019,POS  APL*ITUNES.COM/BILL    866-712-7753 CAUS,,,($1.08),$650.02 
9/4/2019,POS  AUTO EXPERTS           RICHLAND     WAUS,,,($418.60),$651.10 
9/4/2019,External Withdrawal Bella Vista Oper x3788 - Rent,,,($34.52),"$1,069.70 "
9/3/2019,POS  COSTCO WHSE #0486      KENNEWICK    WAUS,,,($176.16),"$1,104.22 "
9/3/2019,POS FRED-MEYER #0286 FRED MEYER 286         RICHLAND     WAUS,,,($114.10),"$1,280.38 "
9/3/2019,POS  RichlandAirportMiniStorRICHLAND     WAUS,,,($115.00),"$1,394.48 "
9/3/2019,POS  USPS CHANGE OF ADDRESS 800-238-3150 TNUS,,,($1.05),"$1,509.48 "
8/31/2019,Credit Interest,,,$3.10 ,"$1,510.53 "
8/30/2019,POS  GEICO  *AUTO           800-841-3000 DCUS,,,($48.77),"$1,507.43 "
8/30/2019,POS  HONGS MONGOLIAN        KENNEWICK    WAUS,,,($21.33),"$1,556.20 "
8/29/2019,POS FRED M FUEL #928 101 WELLSIAN WAY       RICHLAND     WAUS,,,($34.04),"$1,577.53 "
8/29/2019,POS FRED-MEYER #0286 FRED MEYER 286         RICHLAND     WAUS,,,($74.29),"$1,611.57 "
8/28/2019,POS  APL*ITUNES.COM/BILL    866-712-7753 CAUS,,,($1.08),"$1,685.86 "
8/28/2019,External Withdrawal PAYPAL INSTANT TRANSFER - INST XFER,,,($16.28),"$1,686.94 "
8/28/2019,External Deposit WA ST EMPLOY SEC  - UI BENEFIT,,,$497.00 ,"$1,703.22 "
8/27/2019,POS  TRIOS HEALTH           x5802   WAUS,,,($126.08),"$1,206.22 "
8/27/2019,POS  ALBERTSONS STORE  0252 RICHLAND     WAUS,,,($21.40),"$1,332.30 "
8/27/2019,POS  CHIPOTLE 2573          KENNEWICK    WAUS,,,($20.63),"$1,353.70 "
8/27/2019,POS  TRICITIESLABORATORYLLC 800-433-1583 WAUS,,,($231.92),"$1,374.33 "
8/26/2019,POS  TACO BELL #x4328      RICHLAND     WAUS,,,($5.84),"$1,606.25 "
8/26/2019,POS  TACO BELL x0507       RICHLAND     WAUS,,,($8.75),"$1,612.09 "
8/24/2019,POS  COSTCO WHSE #0486      KENNEWICK    WAUS,,,($66.73),"$1,620.84 "
8/23/2019,POS  DQ GRILL & CHILL #41661RICHLAND     WAUS,,,($7.84),"$1,687.57 "
8/22/2019,External Deposit WA ST EMPLOY SEC  - UI BENEFIT,,,$497.00 ,"$1,695.41 "
8/22/2019,POS  COSTCO GAS #0486       KENNEWICK    WAUS,,,($39.65),"$1,198.41 "
8/22/2019,POS FRED-MEYER #0286 FRED MEYER 286         RICHLAND     WAUS,,,($129.67),"$1,238.06 "
8/22/2019,POS  RichlandAirportMiniStorRICHLAND     WAUS,,,($52.74),"$1,367.73 "
8/21/2019,POS  APL*ITUNES.COM/BILL    866-712-7753 CAUS,,,($1.08),"$1,420.47 "
8/21/2019,POS  RichlandAirportMiniStor509-x3855  WAUS,,,($25.00),"$1,421.55 "
8/21/2019,POS  ALBERTSONS STORE  0252 RICHLAND     WAUS,,,($38.63),"$1,446.55 "
8/19/2019,External Deposit WA ST EMPLOY SEC  - UI BENEFIT,,,$497.00 ,"$1,485.18 "
8/18/2019,POS  COSTCO WHSE #0486      KENNEWICK    WAUS,,,($149.14),$988.18 
8/18/2019,POS  HONGS MONGOLIAN        KENNEWICK    WAUS,,,($21.33),"$1,137.32 "
8/17/2019,POS  APL*ITUNES.COM/BILL    866-712-7753 CAUS,,,($16.28),"$1,158.65 "
8/16/2019,External Withdrawal CSI RchLnd PRE-AUTH TRANSACTION - UTLPAYMENT,,,($129.04),"$1,174.93 "
8/15/2019,POS Wal-Mart Super C 3261 WAL-SAMS          RICHLAND     WAUS,,,($25.26),"$1,303.97 "
8/14/2019,POS  COSTCO GAS #0486       KENNEWICK    WAUS,,,($39.80),"$1,329.23 "
8/14/2019,POS  APL*ITUNES.COM/BILL    866-712-7753 CAUS,,,($1.08),"$1,369.03 "
8/12/2019,POS  COSTCO WHSE #0486      KENNEWICK    WAUS,,,($154.27),"$1,370.11 "
8/12/2019,External Deposit Transamerica EFT BATCH #  * - AUTOPAYMNT,,,$4.70 ,"$1,524.38 "
8/12/2019,External Deposit WA ST EMPLOY SEC  - UI BENEFIT,,,$497.00 ,"$1,519.68 "
8/12/2019,POS WM SUPERCENTER # Wal-Mart Super Cent    RICHLAND     WAUS,,,($31.50),"$1,022.68 "
8/10/2019,POS FRED-MEYER #0163 FRED MEYER 163         KENNEWICK    WAUS,,,($141.87),"$1,054.18 "
8/8/2019,POS  AMAZON.COM*MA1DC39O2 AMAMZN.COM/BILLWAUS,,,($23.14),"$1,196.05 "
8/8/2019,External Withdrawal CHARTER COMMUNIC  - CHARTER CO,,,($65.99),"$1,219.19 "
8/7/2019,POS  COSTCO WHSE #0486      KENNEWICK    WAUS,,,($109.38),"$1,285.18 "
8/7/2019,POS  APL*ITUNES.COM/BILL    866-712-7753 CAUS,,,($1.08),"$1,394.56 "
8/6/2019,External Deposit WA ST EMPLOY SEC  - UI BENEFIT,,,$995.00 ,"$1,395.64 "
8/3/2019,POS  ALBERTSONS STORE  0252 RICHLAND     WAUS,,,($43.00),$400.64 
8/3/2019,POS  COSTCO WHSE #0486      KENNEWICK    WAUS,,,($54.60),$443.64 
8/2/2019,POS  HONGS MONGOLIAN        KENNEWICK    WAUS,,,($26.06),$498.24 
8/2/2019,POS  LMC BUSINESS OFFICE    509-546-2319 WAUS,,,($50.00),$524.30 
8/2/2019,POS TJ MAXX #805 1220 N COLUMBIA BLV    KENNEWICK    WAUS,,,($11.07),$574.30 
8/1/2019,POS FRED-MEYER #0286 FRED MEYER 286         RICHLAND     WAUS,,,($88.33),$585.37 
7/31/2019,Credit Interest,,,$4.12 ,$673.70 
7/31/2019,External Withdrawal Bella Vista Oper x2702 - Rent,,,"($1,116.47)",$669.58 
7/31/2019,POS  APL*ITUNES.COM/BILL    866-712-7753 CAUS,,,($1.08),"$1,786.05 "
7/31/2019,POS 7-ELEVEN 415 WRIGHT AV          RICHLAND     WAUS,,,($4.32),"$1,787.13 "
7/30/2019,POS  GEICO  *AUTO           800-841-3000 DCUS,,,($48.77),"$1,791.45 "
7/27/2019,POS Wal-Mart Super C 3261 WAL-SAMS          RICHLAND     WAUS,,,($21.00),"$1,840.22 "
7/26/2019,POS  COSTCO WHSE #0486      KENNEWICK    WAUS,,,($129.55),"$1,861.22 "
7/26/2019,POS FRED-MEYER #0163 FRED MEYER 163         KENNEWICK    WAUS,,,($64.25),"$1,990.77 "
7/26/2019,POS REI #75 KENNEWIC 129 N ELY MAIN 2       KENNEWICK    WAUS,,,($43.35),"$2,055.02 "
7/26/2019,POS WM SUPERCENTER # Wal-Mart Super Cent    RICHLAND     WAUS,,,($13.67),"$2,098.37 "
7/25/2019,POS  ALBERTSONS STORE  0252 RICHLAND     WAUS,,,($98.76),"$2,112.04 "
7/24/2019,POS  MERCHANTS CREDIT ASSOC 425-643-2613 WAUS,,,($35.61),"$2,210.80 "
7/24/2019,POS  KADLEC REGIONAL MEDICALRICHLAND     WAUS,,,($250.00),"$2,246.41 "
7/24/2019,External Deposit Carta e2aa8c543 EDI - EDI PYMNTS,,,$378.07 ,"$2,496.41 "
7/24/2019,POS  KENNEWICK RADIOLOGY GRO509-586-5779 CAUS,,,($32.96),"$2,118.34 "
7/24/2019,POS  APL*ITUNES.COM/BILL    866-712-7753 CAUS,,,($1.08),"$2,151.30 "
7/24/2019,POS  LMG EAR NOSE  THROAT   509-x4800  WAUS,,,($30.00),"$2,152.38 "
7/23/2019,POS  ALBERTSONS STORE  0252 RICHLAND     WAUS,,,($47.62),"$2,182.38 "
7/22/2019,POS  DISCOUNT TIRE WA 115 GARICHLAND     WAUS,,,($439.99),"$2,230.00 "
7/22/2019,External Withdrawal WEB - UAS  - x6227  NM103*EUAS DEBIT-     x6276\,,,($212.84),"$2,669.99 "
7/22/2019,POS  DENNY'S #6694          RICHLAND     WAUS,,,($34.61),"$2,882.83 "
7/20/2019,POS WM SUPERCENTER # Wal-Mart Super Cent    RICHLAND     WAUS,,,($25.48),"$2,917.44 "
7/19/2019,POS  TJ MAXX #805 1220 N COLKENNEWICK    WAUS,,,($41.20),"$2,942.92 "
7/19/2019,POS  HONGS MONGOLIAN        KENNEWICK    WAUS,,,($26.00),"$2,984.12 "
7/18/2019,External Withdrawal Carta 3432fbf7a EDI - EDI PYMNTS,,,($378.07),"$3,010.12 "
7/17/2019,POS  MARSHALLS #1217 2921 QURICHLAND     WAUS,,,($46.64),"$3,388.19 "
7/17/2019,External Withdrawal CSI RchLnd PRE-AUTH TRANSACTION - UTLPAYMENT,,,($110.31),"$3,434.83 "
7/16/2019,POS  COSTCO WHSE #0486      KENNEWICK    WAUS,,,($84.66),"$3,545.14 "
7/16/2019,POS  FEDEX OFFICx6437 KENNEWICK    WAUS,,,($1.41),"$3,629.80 "
7/16/2019,External Deposit Transamerica EFT BATCH #  * - AUTOPAYMNT,,,"$1,800.24 ","$3,631.21 "
7/16/2019,POS  APL*ITUNES.COM/BILL    866-712-7753 CAUS,,,($16.28),"$1,830.97 "
7/16/2019,POS  APL*ITUNES.COM/BILL    866-712-7753 CAUS,,,($1.08),"$1,847.25 "
7/15/2019,ATM Withdrawal GESA CREDIT UNION 51 GAGE BLVD           RICHLAND     WAUS,,,($80.00),"$1,848.33 "
7/15/2019,POS FRED-MEYER #0286 FRED MEYER 286         RICHLAND     WAUS,,,($200.93),"$1,928.33 "
7/15/2019,External Deposit TRINET HR CORPOR  - PAYROLL,,,"$1,549.21 ","$2,129.26 "
7/13/2019,POS  NCMI CORPORATION       509-x1919  WAUS,,,($315.22),$580.05 
7/13/2019,POS  CREDITS INCORPORATED   800-x9006  ORUS,,,($271.69),$895.27 
7/12/2019,POS SUPER SUPPLEMENT 5200 W CLEARWATER A    KENNEWICK    WAUS,,,($36.62),"$1,166.96 "
7/12/2019,POS FRED-MEYER #0286 FRED MEYER 286         RICHLAND     WAUS,,,($161.30),"$1,203.58 "
7/12/2019,Deposit Transfer from ****3600,,,$300.00 ,"$1,364.88 "
7/12/2019,Deposit,,,$500.00 ,"$1,064.88 "
7/12/2019,POS  ALBERTSONS STORE  0252 RICHLAND     WAUS,,,($17.27),$564.88 
7/12/2019,POS  SMOKE CITY             RICHLAND     WAUS,,,($54.48),$582.15 
7/10/2019,POS  APL*ITUNES.COM/BILL    866-712-7753 CAUS,,,($1.08),$636.63 
7/9/2019,POS  COSTCO WHSE #0486      KENNEWICK    WAUS,,,($53.56),$637.71 
7/8/2019,External Withdrawal CHARTER COMMUNIC  - CHARTER CO,,,($65.99),$691.27 
7/6/2019,POS  ALBERTSONS STORE  0252 RICHLAND     WAUS,,,($39.03),$757.26 
7/3/2019,POS  APL*ITUNES.COM/BILL    866-712-7753 CAUS,,,($1.08),$796.29 
7/2/2019,POS FRED-MEYER #0286 FRED MEYER 286         RICHLAND     WAUS,,,($8.68),$797.37 
7/2/2019,POS FRED-MEYER #0286 FRED MEYER 286         RICHLAND     WAUS,,,($105.07),$806.05 
7/2/2019,External Withdrawal Bella Vista Oper x3315 - Rent,,,"($1,114.64)",$911.12 
7/2/2019,POS WAL-MART #3261 2801 DUPORTAIL STRE    RICHLAND     WAUS,,,($23.29),"$2,025.76 "
6/30/2019,Credit Interest,,,$2.57 ,"$2,049.05 "
6/30/2019,POS  GEICO  *AUTO           800-841-3000 DCUS,,,($49.97),"$2,046.48 "
6/28/2019,POS FRED M FUEL #928 101 WELLSIAN WAY       RICHLAND     WAUS,,,($41.47),"$2,096.45 "
6/28/2019,POS  COSTCO WHSE #0486      KENNEWICK    WAUS,,,($137.53),"$2,137.92 "
6/28/2019,External Deposit TRINET HR CORPOR  - PAYROLL,,,"$1,676.12 ","$2,275.45 "
6/26/2019,POS  TRIOS HEALTH           x5802   WAUS,,,($63.04),$599.33 
6/26/2019,POS  APL*ITUNES.COM/BILL    866-712-7753 CAUS,,,($1.08),$662.37 
6/25/2019,POS FRED-MEYER #0286 FRED MEYER 286         RICHLAND     WAUS,,,($103.80),$663.45 
6/24/2019,External Withdrawal NAVI  ED SERV PP ACH TRANSACTION - STUDNTLOAN,,,($270.29),$767.25 
6/24/2019,External Withdrawal CSI RchLnd PRE-AUTH TRANSACTION - UTLPAYMENT,,,($107.64),"$1,037.54 "
6/23/2019,ATM Withdrawal GESA CREDIT UNION 51 GAGE BLVD           RICHLAND     WAUS,,,($60.00),"$1,145.18 "
6/23/2019,POS  ALBERTSONS STORE  0252 RICHLAND     WAUS,,,($43.55),"$1,205.18 "
6/22/2019,POS FRED-MEYER #0286 FRED MEYER 286         RICHLAND     WAUS,,,($105.37),"$1,248.73 "
6/20/2019,Withdrawal Monthly Transfer--Jeanene,,,($125.00),"$1,354.10 "
6/20/2019,POS  COSTCO WHSE #0486      KENNEWICK    WAUS,,,($17.98),"$1,479.10 "
6/20/2019,External Withdrawal WEB - UAS  - x2447  NM103*EUAS DEBIT-     x5600\,,,($209.37),"$1,497.08 "
6/19/2019,POS  APL*ITUNES.COM/BILL    866-712-7753 CAUS,,,($6.49),"$1,706.45 "
6/18/2019,POS  COSTCO WHSE #0486      KENNEWICK    WAUS,,,($49.96),"$1,712.94 "
6/17/2019,POS FRED-MEYER #0286 FRED MEYER 286         RICHLAND     WAUS,,,($91.16),"$1,762.90 "
6/15/2019,POS  APL*ITUNES.COM/BILL    866-712-7753 CAUS,,,($21.71),"$1,854.06 "
6/14/2019,External Deposit TRINET HR CORPOR  - PAYROLL,,,"$1,676.12 ","$1,875.77 "
6/13/2019,POS WAL-MART #3261 2801 DUPORTAIL STRE    RICHLAND     WAUS,,,($80.44),$199.65 
6/12/2019,POS FRED-MEYER #0286 FRED MEYER 286         RICHLAND     WAUS,,,($30.25),$280.09 
6/12/2019,Deposit Internet Transfer from x3600 SAV,,,$200.00 ,$310.34 
6/11/2019,POS  APL*ITUNES.COM/BILL    866-712-7753 CAUS,,,($1.08),$110.34 
6/10/2019,POS  COSTCO WHSE #0486      KENNEWICK    WAUS,,,($74.23),$111.42 
6/10/2019,Deposit Internet Transfer from x3600 SAV,,,$150.00 ,$185.65 
6/10/2019,External Withdrawal CHARTER COMMUNIC  - CHARTER CO,,,($65.99),$35.65 
6/9/2019,POS FRED M FUEL #928 101 WELLSIAN WAY       RICHLAND     WAUS,,,($33.44),$101.64 
6/9/2019,POS FRED-MEYER #0286 FRED MEYER 286         RICHLAND     WAUS,,,($180.62),$135.08 
6/7/2019,POS  THREE FLAMES MONGOLIAN RICHLAND     WAUS,,,($25.89),$315.70 
6/6/2019,POS  MDIG OF WASHINGTON PLLC602-x2584  AZUS,,,($22.10),$341.59 
6/5/2019,POS  APL*ITUNES.COM/BILL    866-712-7753 CAUS,,,($6.49),$363.69 
6/4/2019,External Withdrawal Bella Vista Oper x5250 - Rent,,,"($1,114.68)",$370.18 
6/1/2019,POS  COSTCO WHSE #0486      KENNEWICK    WAUS,,,($280.23),"$1,484.86 "
6/1/2019,POS  APL*ITUNES.COM/BILL    866-712-7753 CAUS,,,($16.28),"$1,765.09 "
5/31/2019,Credit Interest,,,$1.59 ,"$1,781.37 "
5/31/2019,External Deposit TRINET HR CORPOR  - PAYROLL,,,"$1,676.13 ","$1,779.78 "
5/30/2019,POS  GEICO  *AUTO           800-841-3000 DCUS,,,($50.02),$103.65 
5/29/2019,POS FRED-MEYER #0286 FRED MEYER 286         RICHLAND     WAUS,,,($30.06),$153.67 
5/29/2019,Deposit Internet Transfer from x3600 SAV,,,$150.00 ,$183.73 
5/29/2019,POS  APL*ITUNES.COM/BILL    866-712-7753 CAUS,,,($1.08),$33.73 
5/26/2019,POS  TJ MAXX #805 1220 N COLKENNEWICK    WAUS,,,($65.98),$34.81 
5/25/2019,POS CIRCLE K x6048 1900 N. STEPTOE ST     KENNEWICK    WAUS,,,($49.36),$100.79 
5/25/2019,POS  COSTCO WHSE #0486      KENNEWICK    WAUS,,,($35.17),$150.15 
5/25/2019,POS  ALBERTSONS STORE  0252 RICHLAND     WAUS,,,($13.07),$185.32 
5/25/2019,POS  AMZN Mktp US*MN4737D42 Amzn.com/billWAUS,,,($245.30),$198.39 
5/24/2019,POS FRED-MEYER #0286 FRED MEYER 286         RICHLAND     WAUS,,,($129.01),$443.69 
5/24/2019,Deposit Internet Transfer from x3600 SAV,,,$300.44 ,$572.70 
5/24/2019,Withdrawal Internet Transfer to x3600 SAV,,,($150.22),$272.26 
5/22/2019,POS  SQ *TRICITIES AMERICAN KENNEWICK    WAUS,,,($65.15),$422.48 
5/22/2019,POS SUPER SUPPLEMENT 5200 W CLEARWATER A    KENNEWICK    WAUS,,,($121.44),$487.63 
5/22/2019,External Withdrawal NAVI  ED SERV PP ACH TRANSACTION - STUDNTLOAN,,,($270.29),$609.07 
5/22/2019,External Withdrawal CSI RchLnd PRE-AUTH TRANSACTION - UTLPAYMENT,,,($99.24),$879.36 
5/21/2019,POS FRED-MEYER #0286 FRED MEYER 286         RICHLAND     WAUS,,,($176.79),$978.60 
5/21/2019,External Withdrawal WEB - UAS  - x2447  NM103*EUAS DEBIT-     x1042\,,,($209.37),"$1,155.39 "
5/20/2019,Withdrawal Monthly Transfer--Jeanene,,,($125.00),"$1,364.76 "
5/20/2019,POS  APL*ITUNES.COM/BILL    866-712-7753 CAUS,,,($5.42),"$1,489.76 "
5/20/2019,POS  APL*ITUNES.COM/BILL    866-712-7753 CAUS,,,($1.08),"$1,495.18 "
5/19/2019,POS  ALBERTSONS STORE  0252 RICHLAND     WAUS,,,($18.26),"$1,496.26 "
5/17/2019,POS FRED-MEYER #0286 FRED MEYER 286         RICHLAND     WAUS,,,($257.33),"$1,514.52 "
5/16/2019,POS CIRCLE K x6048 1900 N. STEPTOE ST     KENNEWICK    WAUS,,,($37.71),"$1,771.85 "
5/15/2019,POS  APL*ITUNES.COM/BILL    866-712-7753 CAUS,,,($1.08),"$1,809.56 "
5/15/2019,External Deposit TRINET HR CORPOR  - PAYROLL,,,"$1,676.12 ","$1,810.64 "
5/13/2019,POS FRED-MEYER #0286 FRED MEYER 286         RICHLAND     WAUS,,,($159.39),$134.52 
5/12/2019,POS  HONGS MONGOLIAN        KENNEWICK    WAUS,,,($21.95),$293.91 
5/8/2019,Deposit Internet Transfer from x3600 SAV,,,$250.00 ,$315.86 
5/7/2019,POS FRED-MEYER #0286 FRED MEYER 286         RICHLAND     WAUS,,,($294.29),$65.86 
5/7/2019,POS CIRCLE K x6048 1900 N. STEPTOE ST     KENNEWICK    WAUS,,,($24.62),$360.15 
5/4/2019,POS  APL*ITUNES.COM/BILL    866-712-7753 CAUS,,,($22.77),$384.77 
5/3/2019,POS  ALBERTSONS STORE  0252 RICHLAND     WAUS,,,($41.08),$407.54 
5/3/2019,External Withdrawal CHARTER COMMUNIC  - CHARTER CO,,,($65.99),$448.62 
5/2/2019,External Withdrawal Bella Vista Oper x4040 - Rent,,,"($1,114.06)",$514.61 
5/1/2019,POS FRED-MEYER #0286 FRED MEYER 286         RICHLAND     WAUS,,,($464.44),"$1,628.67 "
5/1/2019,POS  CHIPOTLE 2573          KENNEWICK    WAUS,,,($17.38),"$2,093.11 "
4/30/2019,Credit Interest,,,$3.62 ,"$2,110.49 "
4/30/2019,POS  APL*ITUNES.COM/BILL    866-712-7753 CAUS,,,($1.08),"$2,106.87 "
4/30/2019,POS  GEICO  *AUTO           800-841-3000 DCUS,,,($50.02),"$2,107.95 "
4/30/2019,External Deposit TRINET HR CORPOR  - PAYROLL,,,"$1,676.13 ","$2,157.97 "
4/29/2019,POS  CHIPOTLE 2573          KENNEWICK    WAUS,,,($17.92),$481.84 
4/28/2019,POS  SQ *LOTUS OF THE MO    RICHLAND     WAUS,,,($66.79),$499.76 
4/27/2019,POS SUPER SUPPLEMENT 5200 W CLEARWATER A    KENNEWICK    WAUS,,,($62.94),$566.55 
4/26/2019,POS FRED-MEYER #0286 FRED MEYER 286         RICHLAND     WAUS,,,($118.75),$629.49 
4/24/2019,POS TARGET T-2314 2941 Queensgate Dr     Richland     WAUS,,,($105.87),$748.24 
4/24/2019,POS CIRCLE K x6048 1900 N. STEPTOE ST     KENNEWICK    WAUS,,,($40.00),$854.11 
4/24/2019,POS  APL*ITUNES.COM/BILL    866-712-7753 CAUS,,,($1.08),$894.11 
4/24/2019,POS  SQ *LOTUS OF THE MO    RICHLAND     WAUS,,,($74.93),$895.19 
4/22/2019,External Withdrawal NAVI  ED SERV PP ACH TRANSACTION - STUDNTLOAN,,,($270.29),$970.12 
4/22/2019,External Withdrawal WEB - UAS  - x2447  NM103*EUAS DEBIT-     x3000\,,,($209.37),"$1,240.41 "
4/22/2019,POS  GET AIR TRI-CITIES     ROY          UTUS,,,($17.45),"$1,449.78 "
4/21/2019,POS FRED-MEYER #0286 FRED MEYER 286         RICHLAND     WAUS,,,($135.14),"$1,467.23 "
4/21/2019,POS  MARSHALLS #1217 2921 QURICHLAND     WAUS,,,($74.74),"$1,602.37 "
4/20/2019,Withdrawal Monthly Transfer--Jeanene,,,($125.00),"$1,677.11 "
4/20/2019,POS  CHIPOTLE 2573          KENNEWICK    WAUS,,,($19.55),"$1,802.11 "
4/20/2019,POS  SUNDANCE SPA           RICHLAND     WAUS,,,($70.00),"$1,821.66 "
4/19/2019,POS  TJ MAXX #805 1220 N COLKENNEWICK    WAUS,,,($22.29),"$1,891.66 "
4/19/2019,POS TARGET T-083 1106 N Columbia Cen    Kennewick    WAUS,,,($7.92),"$1,913.95 "
4/19/2019,External Withdrawal CSI RchLnd PRE-AUTH TRANSACTION - UTLPAYMENT,,,($109.24),"$1,921.87 "
4/19/2019,POS FRED-MEYER #0286 FRED MEYER 286         RICHLAND     WAUS,,,($229.98),"$2,031.11 "
4/18/2019,POS  SMOKE CITY FOR LESS    KENNEWICK    WAUS,,,($46.69),"$2,261.09 "
4/17/2019,POS  APL*ITUNES.COM/BILL    866-712-7753 CAUS,,,($1.08),"$2,307.78 "
4/16/2019,ATM Withdrawal GESA CREDIT UNION 51 GAGE BLVD           RICHLAND     WAUS,,,($100.00),"$2,308.86 "
4/15/2019,POS FRED-MEYER #0286 FRED MEYER 286         RICHLAND     WAUS,,,($46.77),"$2,408.86 "
4/15/2019,External Deposit TRINET HR CORPOR  - PAYROLL,,,"$1,676.16 ","$2,455.63 "
4/15/2019,POS  MARSHALLS #1217 2921 QURICHLAND     WAUS,,,($127.34),$779.47 
4/14/2019,POS  ALBERTSONS STORE  0252 RICHLAND     WAUS,,,($31.72),$906.81 
4/14/2019,POS  CHIPOTLE 2573          KENNEWICK    WAUS,,,($19.55),$938.53 
4/13/2019,POS  HONGS MONGOLIAN        KENNEWICK    WAUS,,,($23.33),$958.08 
4/12/2019,POS FRED-MEYER #0286 FRED MEYER 286         RICHLAND     WAUS,,,($219.55),$981.41 
4/11/2019,POS FRED M FUEL #928 101 WELLSIAN WAY       RICHLAND     WAUS,,,($46.74),"$1,200.96 "
4/11/2019,POS FRED-MEYER #0286 FRED MEYER 286         RICHLAND     WAUS,,,($34.89),"$1,247.70 "
4/10/2019,POS YOKE'S FRESH MAR 455 ENGLEWOOD DR       RICHLAND     WAUS,,,($7.75),"$1,282.59 "
4/10/2019,ATM Withdrawal GESA CREDIT UNION 51 GAGE BLVD           RICHLAND     WAUS,,,($100.00),"$1,290.34 "
4/10/2019,POS  APL*ITUNES.COM/BILL    866-712-7753 CAUS,,,($1.08),"$1,390.34 "
4/10/2019,POS  GREENIES               RICHLAND     WAUS,,,($163.89),"$1,391.42 "
4/9/2019,POS  ALBERTSONS STORE  0252 RICHLAND     WAUS,,,($31.26),"$1,555.31 "
4/7/2019,POS FRED-MEYER #0286 FRED MEYER 286         RICHLAND     WAUS,,,($181.27),"$1,586.57 "
4/7/2019,POS  HONGS MONGOLIAN        KENNEWICK    WAUS,,,($20.66),"$1,767.84 "
4/6/2019,POS  MEYERS AUTO TECH       KENNEWICK    WAUS,,,($70.00),"$1,788.50 "
4/5/2019,POS  LMG RHEUMATOLOGY       PASCO        WAUS,,,($60.00),"$1,858.50 "
4/3/2019,External Withdrawal CHARTER COMMUNIC  - CHARTER CO,,,($65.99),"$1,918.50 "
4/2/2019,External Withdrawal Bella Vista Oper x7452 - Rent,,,"($1,115.22)","$1,984.49 "
4/1/2019,POS FRED-MEYER #0286 FRED MEYER 286         RICHLAND     WAUS,,,($86.04),"$3,099.71 "
3/31/2019,Credit Interest,,,$4.95 ,"$3,185.75 "
3/31/2019,POS VIOC x0091 25 COLUMBIA POINT D    RICHLAND     WAUS,,,($70.58),"$3,180.80 "
3/31/2019,POS FRED-MEYER #0286 FRED MEYER 286         RICHLAND     WAUS,,,($23.13),"$3,251.38 "
3/31/2019,POS ROCKET MART 2111 VAN GIESEN ST     RICHLAND     WAUS,,,($9.22),"$3,274.51 "
3/30/2019,POS  APL*ITUNES.COM/BILL    866-712-7753 CAUS,,,($31.46),"$3,283.73 "
3/30/2019,POS  GEICO  *AUTO           800-841-3000 DCUS,,,($50.02),"$3,315.19 "
3/29/2019,POS FRED M FUEL #928 101 WELLSIAN WAY       RICHLAND     WAUS,,,($31.37),"$3,365.21 "
3/29/2019,POS FRED-MEYER #0286 FRED MEYER 286         RICHLAND     WAUS,,,($204.00),"$3,396.58 "
3/29/2019,External Deposit TRINET HR CORPOR  - PAYROLL,,,"$1,676.17 ","$3,600.58 "
3/29/2019,POS WAL-MART #3261 2801 DUPORTAIL STRE    RICHLAND     WAUS,,,($36.80),"$1,924.41 "
3/28/2019,POS CIRCLE K x6048 1900 N. STEPTOE ST     KENNEWICK    WAUS,,,($7.60),"$1,961.21 "
3/28/2019,POS  APL*ITUNES.COM/BILL    866-712-7753 CAUS,,,($57.55),"$1,968.81 "
3/27/2019,POS  APL*ITUNES.COM/BILL    866-712-7753 CAUS,,,($1.08),"$2,026.36 "
3/26/2019,POS FRED-MEYER #0163 FRED MEYER 163         KENNEWICK    WAUS,,,($258.00),"$2,027.44 "
3/26/2019,POS  ULTA #512              KENNEWICK    WAUS,,,($24.43),"$2,285.44 "
3/25/2019,POS CIRCLE K x6048 1900 N. STEPTOE ST     KENNEWICK    WAUS,,,($28.28),"$2,309.87 "
3/25/2019,External Withdrawal COMENITY PAY II 800-395-5714 - WEB PYMT,,,($40.00),"$2,338.15 "
3/24/2019,POS  ALBERTSONS STORE  0252 RICHLAND     WAUS,,,($65.16),"$2,378.15 "
3/23/2019,POS  SQ *ROASTERS KENNEDY   Richland     WAUS,,,($4.50),"$2,443.31 "
3/23/2019,POS  MARSHALLS #1217 2921 QURICHLAND     WAUS,,,($50.54),"$2,447.81 "
3/23/2019,POS MARSHALLS #1217 2921 QUEENSGATE DR     RICHLAND     WAUS,,,$14.11 ,"$2,498.35 "
3/23/2019,POS  MEN ZONE KENNEWICK     KENNEWICK    WAUS,,,($33.00),"$2,484.24 "
3/22/2019,POS  ADVENTURES UNDERGROUND RICHLAND     WAUS,,,($88.40),"$2,517.24 "
3/22/2019,POS  ADVENTURES UNDERGROUND RICHLAND     WAUS,,,($7.60),"$2,605.64 "
3/22/2019,External Withdrawal NAVI  ED SERV PP ACH TRANSACTION - STUDNTLOAN,,,($270.29),"$2,613.24 "
3/22/2019,POS  THREE FLAMES MONGOLIAN RICHLAND     WAUS,,,($25.89),"$2,883.53 "
3/21/2019,POS  APL*ITUNES.COM/BILL    866-712-7753 CAUS,,,($5.42),"$2,909.42 "
3/20/2019,Withdrawal Monthly Transfer--Jeanene,,,($125.00),"$2,914.84 "
3/20/2019,POS FRED-MEYER #0286 FRED MEYER 286         RICHLAND     WAUS,,,($39.44),"$3,039.84 "
3/20/2019,External Withdrawal WEB - UAS  - x2447  NM103*EUAS DEBIT-     x6663\,,,($205.99),"$3,079.28 "
3/20/2019,External Withdrawal CSI RchLnd PRE-AUTH TRANSACTION - UTLPAYMENT,,,($122.86),"$3,285.27 "
3/19/2019,POS FRED-MEYER #0286 FRED MEYER 286         RICHLAND     WAUS,,,($233.76),"$3,408.13 "
3/19/2019,POS  TRIOS CARE CENTER AT SOKENNEWICK    WAUS,,,($60.00),"$3,641.89 "
3/17/2019,POS TARGET T-2314 2941 Queensgate Dr     Richland     WAUS,,,($88.07),"$3,701.89 "
3/17/2019,POS  ALBERTSONS STORE  0252 RICHLAND     WAUS,,,($18.72),"$3,789.96 "
3/17/2019,POS  APL* ITUNES.COM/BILL   866-712-7753 CAUS,,,($16.28),"$3,808.68 "
3/17/2019,POS  APL*ITUNES.COM/BILL    866-712-7753 CAUS,,,($16.27),"$3,824.96 "
3/15/2019,External Deposit TRINET HR CORPOR  - PAYROLL,,,"$1,676.18 ","$3,841.23 "
3/14/2019,POS FRED M FUEL #928 101 WELLSIAN WAY       RICHLAND     WAUS,,,($28.81),"$2,165.05 "
3/14/2019,POS FRED-MEYER #0286 FRED MEYER 286         RICHLAND     WAUS,,,($31.00),"$2,193.86 "
3/13/2019,POS FRED-MEYER #0286 FRED MEYER 286         RICHLAND     WAUS,,,($135.91),"$2,224.86 "
3/13/2019,POS  APL*ITUNES.COM/BILL    866-712-7753 CAUS,,,($1.08),"$2,360.77 "
3/13/2019,External Deposit TAX PRODUCTS PE1 ORIG GREEN DOT BANK - SBTPG LLC,,,"$2,329.93 ","$2,361.85 "
3/9/2019,POS  APL*ITUNES.COM/BILL    866-712-7753 CAUS,,,($5.42),$31.92 
3/8/2019,POS CIRCLE K x6048 1900 N. STEPTOE ST     KENNEWICK    WAUS,,,($14.61),$37.34 
3/8/2019,POS CIRCLE K x6026 1401 GEORGE WASHING    RICHLAND     WAUS,,,($47.00),$51.95 
3/8/2019,Deposit Internet Transfer from x3600 SAV,,,$71.00 ,$98.95 
3/7/2019,POS FRED-MEYER #0286 FRED MEYER 286         RICHLAND     WAUS,,,($248.00),$27.95 
3/6/2019,POS  APL*ITUNES.COM/BILL    866-712-7753 CAUS,,,($1.08),$275.95 
3/5/2019,External Withdrawal Bella Vista Oper x9189 - Rent,,,"($1,113.68)",$277.03 
3/4/2019,External Withdrawal CHARTER COMMUNIC  - CHARTER CO,,,($65.99),"$1,390.71 "
3/4/2019,POS  HONGS MONGOLIAN        KENNEWICK    WAUS,,,($27.00),"$1,456.70 "
3/3/2019,POS  ALBERTSONS STORE  0252 RICHLAND     WAUS,,,($52.45),"$1,483.70 "
3/3/2019,POS  MARSHALLS #1217 2921 QURICHLAND     WAUS,,,($73.74),"$1,536.15 "
2/28/2019,ATM Service Charge Rebate,,,$4.00 ,"$1,609.89 "
2/28/2019,Credit Interest,,,$1.20 ,"$1,605.89 "
2/28/2019,ATM Withdrawal GESA CREDIT UNION 100 N HUNTINGTON STREETKENNEWICK    WAUS,,,($100.00),"$1,604.69 "
2/28/2019,POS  GEICO  *AUTO           800-841-3000 DCUS,,,($50.02),"$1,704.69 "
2/28/2019,External Deposit TRINET HR CORPOR  - PAYROLL,,,"$1,676.17 ","$1,754.71 "
2/27/2019,POS  APL*ITUNES.COM/BILL    866-712-7753 CAUS,,,($1.08),$78.54 
2/26/2019,POS  VENMO*Hall Christian   New York CityNYUS,,,$40.59 ,$79.62 
2/26/2019,POS FRED-MEYER #0286 FRED MEYER 286         RICHLAND     WAUS,,,($72.00),$39.03 
2/25/2019,External Withdrawal COMENITY PAY II 800-395-5714 - WEB PYMT,,,($41.00),$111.03 
2/22/2019,POS PANDORAS BOX 5300 W CLEARWATER A    KENNEWICK    WAUS,,,($36.88),$152.03 
2/22/2019,ATM Withdrawal ST Enterprises x4307 E SR 397        Kennewick    WAUS,,,($104.00),$188.91 
2/22/2019,POS  APL*ITUNES.COM/BILL    866-712-7753 CAUS,,,($17.35),$292.91 
2/22/2019,POS FRED-MEYER #0286 FRED MEYER 286         RICHLAND     WAUS,,,($125.43),$310.26 
2/22/2019,External Withdrawal CAPITAL ONE  - MOBILE PMT,,,($84.00),$435.69 
2/22/2019,External Withdrawal NAVI  ED SERV PP ACH TRANSACTION - STUDNTLOAN,,,($270.29),$519.69 
2/22/2019,External Withdrawal CSI RchLnd PRE-AUTH TRANSACTION - UTLPAYMENT,,,($121.13),$789.98 
2/22/2019,External Withdrawal PAYPAL INSTANT TRANSFER - INST XFER,,,($34.77),$911.11 
2/21/2019,External Withdrawal WEB - UAS  - x2447  NM103*EUAS DEBIT-     x3175\,,,($205.99),$945.88 
2/20/2019,Withdrawal Monthly Transfer--Jeanene,,,($125.00),"$1,151.87 "
2/20/2019,POS  APL*ITUNES.COM/BILL    866-712-7753 CAUS,,,($22.77),"$1,276.87 "
2/19/2019,POS  ALBERTSONS STORE  0252 RICHLAND     WAUS,,,($56.68),"$1,299.64 "
2/19/2019,POS CIRCLE K x6048 1900 N. STEPTOE ST     KENNEWICK    WAUS,,,($31.99),"$1,356.32 "
2/16/2019,POS FRED-MEYER #0286 FRED MEYER 286         RICHLAND     WAUS,,,($168.00),"$1,388.31 "
2/15/2019,ATM Withdrawal GESA CREDIT UNION 51 GAGE BLVD           RICHLAND     WAUS,,,($200.00),"$1,556.31 "
2/15/2019,POS  FUJIYAMA JAPANESE STEAKRICHLAND     WAUS,,,($61.02),"$1,756.31 "
2/15/2019,External Deposit TRINET HR CORPOR  - PAYROLL,,,"$1,676.17 ","$1,817.33 "
2/14/2019,Deposit Internet Transfer from x3600 SAV,,,$100.00 ,$141.16 
2/14/2019,POS  HONGS MONGOLIAN        KENNEWICK    WAUS,,,($23.33),$41.16 
2/14/2019,POS YOKE'S FRESH MAR 455 ENGLEWOOD DR       RICHLAND     WAUS,,,($37.43),$64.49 
2/13/2019,POS  APL*ITUNES.COM/BILL    866-712-7753 CAUS,,,($1.08),$101.92 
2/8/2019,POS  ALBERTSONS STORE  0252 RICHLAND     WAUS,,,($15.89),$103.00 
2/7/2019,POS FRED-MEYER #0286 FRED MEYER 286         RICHLAND     WAUS,,,($188.34),$118.89 
2/7/2019,Deposit Internet Transfer from x3600 SAV,,,$200.00 ,$307.23 
2/7/2019,POS CIRCLE K x6026 1401 GEORGE WASHING    RICHLAND     WAUS,,,($7.83),$107.23 
2/6/2019,POS FRED-MEYER #0286 FRED MEYER 286         RICHLAND     WAUS,,,($46.54),$115.06 
2/6/2019,POS  WA DOL LIC & REG 56793 RICHLAND     WAUS,,,($85.75),$161.60 
2/6/2019,POS  APL*ITUNES.COM/BILL    866-712-7753 CAUS,,,($6.49),$247.35 
2/6/2019,ATM Withdrawal GESA CREDIT UNION 100 N HUNTINGTON STREETKENNEWICK    WAUS,,,($120.00),$253.84 
2/5/2019,POS  OUTBACK 4617           KENNEWICK    WAUS,,,($65.00),$373.84 
2/4/2019,External Withdrawal CHARTER COMMUNIC  - CHARTER CO,,,($65.99),$438.84 
2/2/2019,POS  VICTORIA'S SECRET 0751 KENNEWICK    WAUS,,,($36.91),$504.83 
2/1/2019,POS  TJ MAXX #805 1220 N COLKENNEWICK    WAUS,,,($21.17),$541.74 
2/1/2019,External Withdrawal Bella Vista Oper x2244 - Rent,,,"($1,111.92)",$562.91 
2/1/2019,POS TARGET T-2314 2941 Queensgate Dr     Richland     WAUS,,,($64.78),"$1,666.83 "
1/31/2019,ATM Service Charge Rebate,,,$8.00 ,"$1,674.83 "
1/31/2019,Credit Interest,,,$1.77 ,"$1,731.61 "
1/31/2019,POS FRED-MEYER #0286 FRED MEYER 286         RICHLAND     WAUS,,,($41.00),"$1,729.84 "
1/31/2019,External Deposit TRINET HR CORPOR  - PAYROLL,,,"$1,676.18 ","$1,770.84 "
1/30/2019,POS  APL*ITUNES.COM/BILL    800-275-2273 CAUS,,,($1.08),$94.66 
1/30/2019,POS Wal-Mart Super C 3261 WAL-SAMS          RICHLAND     WAUS,,,($10.83),$95.74 
1/30/2019,POS  GEICO  *AUTO           800-841-3000 DCUS,,,($50.02),$106.57 
1/30/2019,POS  DENSOWS MEDICAL SUPPLI RICHLAND     WAUS,,,$34.74 ,$156.59 
1/29/2019,POS FRED M FUEL #928 101 WELLSIAN WAY       RICHLAND     WAUS,,,($32.53),$121.85 
1/29/2019,POS FRED-MEYER #0286 FRED MEYER 286         RICHLAND     WAUS,,,($127.55),$154.38 
1/29/2019,POS  AMAZON.COM             SEATTLE      WAUS,,,($21.67),$281.93 
1/29/2019,Deposit,,,$50.00 ,$303.60 
1/28/2019,Deposit Internet Transfer from x3600 SAV,,,$217.96 ,$253.60 
1/27/2019,POS  RITE AID STORE - 5316  KENNEWICK    WAUS,,,($20.61),$35.64 
1/26/2019,POS TARGET T-2314 2941 Queensgate Dr     Richland     WAUS,,,($29.55),$56.25 
1/25/2019,External Withdrawal COMENITY PAY II 800-395-5714 - WEB PYMT,,,($42.00),$85.80 
1/25/2019,External Deposit VENMO  - CASHOUT,,,$42.00 ,$127.80 
1/24/2019,POS  RITE AID STORE - 5317  KENNEWICK    WAUS,,,($13.89),$85.80 
1/24/2019,POS FRED-MEYER #0286 FRED MEYER 286         RICHLAND     WAUS,,,($85.43),$99.69 
1/23/2019,POS ROCKET MART 2111 VAN GIESEN ST     RICHLAND     WAUS,,,($13.38),$185.12 
1/23/2019,External Withdrawal NAVI  ED SERV PP ACH TRANSACTION - STUDNTLOAN,,,($270.29),$198.50 
1/23/2019,External Withdrawal WEB - UAS  - x2447  NM103*EUAS DEBIT-     x5432\,,,($205.99),$468.79 
1/23/2019,External Withdrawal CSI RchLnd PRE-AUTH TRANSACTION - UTLPAYMENT,,,($106.02),$674.78 
1/22/2019,POS FRED-MEYER #0286 FRED MEYER 286         RICHLAND     WAUS,,,($175.10),$780.80 
1/22/2019,POS  HONGS MONGOLIAN        KENNEWICK    WAUS,,,($31.71),$955.90 
1/22/2019,POS  APL*ITUNES.COM/BILL    800-275-2273 CAUS,,,($23.85),"$1,112.61 "
1/20/2019,Withdrawal Monthly Transfer--Jeanene,,,($125.00),$987.61 
1/20/2019,ATM Withdrawal ST Enterprises x4307 E SR 397 ken    Kennewick    WAUS,,,($104.00),"$1,136.46 "
1/18/2019,Courtesy Pay POS/ATM Fee Reversal,,,$29.00 ,"$1,240.46 "
1/18/2019,POS  BENTON FRANKLIN ORTHOPEKENNEWICK    WAUS,,,($60.00),"$1,211.46 "
1/17/2019,POS FRED M FUEL #928 101 WELLSIAN WAY       RICHLAND     WAUS,,,($34.52),"$1,271.46 "
1/17/2019,POS FRED-MEYER #0286 FRED MEYER 286         RICHLAND     WAUS,,,($93.79),"$1,305.98 "
1/16/2019,POS  APL*ITUNES.COM/BILL    800-275-2273 CAUS,,,($1.08),"$1,399.77 "
1/16/2019,POS  ALBERTSONS STORE  0252 RICHLAND     WAUS,,,($58.57),"$1,400.85 "
1/15/2019,ATM Withdrawal ST Enterprises x4307 E SR 397        Kennewick    WAUS,,,($124.00),"$1,459.42 "
1/15/2019,POS  TRICITY NEUROLOGY INC  509-x5700  WAUS,,,($60.00),"$1,583.42 "
1/15/2019,External Deposit TRINET HR CORPOR  - PAYROLL,,,"$1,676.17 ","$1,643.42 "
1/12/2019,Courtesy Pay POS/ATM Fee,,,($29.00),($32.75)
1/12/2019,POS WM SUPERCENTER # Wal-Mart Super Cent    RICHLAND     WAUS,,,($24.92),($3.75)
1/12/2019,POS ROSS STORES #191 2917 QUEENSGATE DRI    RICHLAND     WAUS,,,($13.02),$21.17 
1/10/2019,POS  DENSOWS MEDICAL SUPPLI RICHLAND     WAUS,,,($34.74),$34.19 
1/9/2019,POS FRED-MEYER #0286 FRED MEYER 286         RICHLAND     WAUS,,,($144.11),$68.93 
1/9/2019,POS  APL*ITUNES.COM/BILL    800-275-2273 CAUS,,,($1.08),$213.04 
1/8/2019,External Deposit VENMO  - CASHOUT,,,$43.00 ,$214.12 
1/7/2019,POS CIRCLE K x6048 1900 N. STEPTOE ST     KENNEWICK    WAUS,,,($32.97),$171.12 
1/7/2019,POS  TEXAS ROADHOUSE #2378  KENNEWICK    WAUS,,,($70.00),$204.09 
1/7/2019,External Withdrawal Bella Vista Oper x0360 - Rent,,,"($1,112.11)",$274.09 
1/7/2019,POS  MID COLUMBIA WINES & SPRICHLAND     WAUS,,,($35.06),"$1,386.20 "
1/7/2019,POS  PP*DUTCH BROS 224      WEST RICHLA  WAUS,,,($7.25),"$1,421.26 "
1/5/2019,POS  HONGS MONGOLIAN        KENNEWICK    WAUS,,,($25.33),"$1,428.51 "
1/5/2019,POS  MEN ZONE KENNEWICK     KENNEWICK    WAUS,,,($32.00),"$1,453.84 "
1/3/2019,POS FRED-MEYER #0286 FRED MEYER 286         RICHLAND     WAUS,,,($159.76),"$1,485.84 "
1/3/2019,POS  SHELL OIL x1705  TROUTDALE    ORUS,,,($17.51),"$1,645.60 "
1/3/2019,External Withdrawal CHARTER COMMUNIC  - CHARTER CO,,,($65.99),"$1,663.11 "
1/2/2019,POS  APL*ITUNES.COM/BILL    800-275-2273 CAUS,,,($1.08),"$1,729.10 "
1/2/2019,External Withdrawal PAYPAL INSTANT TRANSFER - INST XFER,,,($9.95),"$1,730.18 "
1/2/2019,POS  PP*SEASIDEDUTC         GEARHART     ORUS,,,($6.50),"$1,740.13 "
12/31/2018,ATM Service Charge Rebate,,,$4.00 ,"$1,746.63 "
12/31/2018,Credit Interest,,,$1.88 ,"$1,742.63 "
12/31/2018,POS  SAFEWAY  STORE  1260   SEASIDE      ORUS,,,($8.99),"$1,740.75 "
12/31/2018,POS  SAFEWAY  STORE  1260   SEASIDE      ORUS,,,($5.90),"$1,749.74 "
12/31/2018,POS  SAFEWAY  STORE  1260   SEASIDE      ORUS,,,($26.46),"$1,755.64 "
12/31/2018,External Deposit TRINET HR CORPOR  - PAYROLL,,,"$1,684.80 ","$1,782.10 "
12/30/2018,POS  SAFEWAY  STORE  1260   SEASIDE      ORUS,,,($77.40),$97.30 
12/30/2018,POS  CHEVRON/DEL'S CHEVRON  SEASIDE      ORUS,,,($30.00),$174.70 
12/30/2018,POS PILOT #0195 91485 BIGGS RUFUS H    WASCO        ORUS,,,($3.58),$204.70 
12/30/2018,POS CIRCLE K x6044 2601 QUEENSGATE BLV    RICHLAND     WAUS,,,($15.08),$208.28 
12/30/2018,POS CIRCLE K x6044 2601 QUEENSGATE BLV    RICHLAND     WAUS,,,($15.96),$223.36 
12/30/2018,POS  GEICO  *AUTO           800-841-3000 DCUS,,,($49.94),$239.32 
12/30/2018,POS  THREE FLAMES MONGOLIAN RICHLAND     WAUS,,,($31.53),$289.26 
12/28/2018,POS  ALBERTSONS STORE  0252 RICHLAND     WAUS,,,($30.89),$320.79 
12/27/2018,POS CIRCLE K x6026 1401 GEORGE WASHING    RICHLAND     WAUS,,,($7.56),$351.68 
12/26/2018,POS FRED-MEYER #0286 FRED MEYER 286         RICHLAND     WAUS,,,($42.74),$359.24 
12/26/2018,POS FRED-MEYER #0286 FRED MEYER 286         RICHLAND     WAUS,,,($14.78),$401.98 
12/26/2018,POS USA GASOLINE 625 1811 LESLIE R          RICHLAND     WAUS,,,($40.89),$416.76 
12/26/2018,POS  APL*ITUNES.COM/BILL    800-275-2273 CAUS,,,($22.77),$457.65 
12/26/2018,POS  THE GROWLER GUYS - RICHRICHLAND     WAUS,,,($18.35),$480.42 
12/26/2018,POS  CREST HALLMARK CARD SHORICHLAND     WAUS,,,($36.87),$498.77 
12/24/2018,POS TARGET T-083 1106 N Columbia Cen    Kennewick    WAUS,,,($22.24),$535.64 
12/24/2018,POS FRED-MEYER #0286 FRED MEYER 286         RICHLAND     WAUS,,,($51.76),$557.88 
12/24/2018,POS Wal-Mart Super C 3261 WAL-SAMS          RICHLAND     WAUS,,,($24.38),$609.64 
12/24/2018,POS  ULTA #512              KENNEWICK    WAUS,,,($113.48),$634.02 
12/24/2018,External Withdrawal NAVI  ED SERV PP ACH TRANSACTION - STUDNTLOAN,,,($270.29),$747.50 
12/24/2018,External Withdrawal COMENITY PAY II 800-395-5714 - WEB PYMT,,,($43.00),"$1,017.79 "
12/24/2018,POS  SQ *ROASTERS WEST R    WEST RICHLANDWAUS,,,($6.75),"$1,060.79 "
12/22/2018,POS  SQ *ROASTERS WEST R    WEST RICHLANDWAUS,,,($5.75),"$1,067.54 "
12/21/2018,POS PANDORAS BOX 5300 W CLEARWATER A    KENNEWICK    WAUS,,,($10.85),"$1,073.29 "
12/21/2018,External Withdrawal CSI RchLnd PRE-AUTH TRANSACTION - UTLPAYMENT,,,($87.02),"$1,084.14 "
12/20/2018,Withdrawal Monthly Transfer--Jeanene,,,($125.00),"$1,171.16 "
12/20/2018,POS CIRCLE K x6048 1900 N. STEPTOE ST     KENNEWICK    WAUS,,,($30.37),"$1,296.16 "
12/20/2018,External Withdrawal WEB - UAS  - x2447  NM103*EUAS DEBIT-     x2419\,,,($202.54),"$1,326.53 "
12/19/2018,POS FRED-MEYER #0286 FRED MEYER 286         RICHLAND     WAUS,,,($94.45),"$1,529.07 "
12/19/2018,POS  SQ *ROASTERS KENNEDY   Richland     WAUS,,,($6.00),"$1,623.52 "
12/19/2018,POS  APL*ITUNES.COM/BILL    800-275-2273 CAUS,,,($10.85),"$1,629.52 "
12/19/2018,POS  ULTA #512              KENNEWICK    WAUS,,,($63.24),"$1,640.37 "
12/18/2018,POS  THREE FLAMES MONGOLIAN RICHLAND     WAUS,,,($13.95),"$1,703.61 "
12/17/2018,POS  HONGS MONGOLIAN        KENNEWICK    WAUS,,,($21.66),"$1,717.56 "
12/15/2018,POS YOKE'S FRESH MAR 455 ENGLEWOOD DR       RICHLAND     WAUS,,,($63.24),"$1,739.22 "
12/15/2018,POS  APL*ITUNES.COM/BILL    800-275-2273 CAUS,,,($21.70),"$1,802.46 "
12/15/2018,POS  APL*ITUNES.COM/BILL    800-275-2273 CAUS,,,($1.08),"$1,824.16 "
12/15/2018,ATM Withdrawal ST Enterprises x4307 E SR 397 ken    Kennewick    WAUS,,,($124.00),"$1,825.24 "
12/14/2018,POS CIRCLE K x6048 1900 N. STEPTOE ST     KENNEWICK    WAUS,,,($27.24),"$1,949.24 "
12/14/2018,POS  PAYPAL*Hall Christian  San Jose     CAUS,,,$59.92 ,"$1,976.48 "
12/14/2018,External Deposit TRINET HR CORPOR  - PAYROLL,,,"$1,854.83 ","$1,916.56 "
12/12/2018,POS  APL*ITUNES.COM/BILL    800-275-2273 CAUS,,,($1.08),$61.73 
12/11/2018,POS FRED-MEYER #0286 FRED MEYER 286         RICHLAND     WAUS,,,($5.13),$62.81 
12/8/2018,POS  PP*DUTCH BROS 224      WEST RICHLA  WAUS,,,($8.25),$67.94 
12/7/2018,POS  CONOCO - NEIGHBORS CONORICHLAND     WAUS,,,($24.55),$76.19 
12/6/2018,POS FRED-MEYER #0286 FRED MEYER 286         RICHLAND     WAUS,,,($36.13),$100.74 
12/4/2018,POS  HONGS MONGOLIAN        KENNEWICK    WAUS,,,($25.33),$136.87 
12/3/2018,POS BEST BUY 6809 WEST CANAL DRI    KENNEWICK    WAUS,,,($233.46),$162.20 
12/3/2018,External Withdrawal PAYPAL INSTANT TRANSFER - INST XFER,,,($13.03),$395.66 
12/3/2018,External Withdrawal Bella Vista Oper x8590 - Rent,,,"($1,111.32)",$408.69 
12/3/2018,External Withdrawal CHARTER COMMUNIC  - CHARTER CO,,,($65.99),"$1,520.01 "
11/30/2018,ATM Service Charge Rebate,,,$8.00 ,"$1,586.00 "
11/30/2018,Credit Interest,,,$1.31 ,"$1,578.00 "
11/30/2018,POS FRED-MEYER #0286 FRED MEYER 286         RICHLAND     WAUS,,,($157.00),"$1,576.69 "
11/30/2018,POS  GEICO  *AUTO           800-841-3000 DCUS,,,($49.94),"$1,733.69 "
11/30/2018,External Deposit TRINET HR CORPOR  - PAYROLL,,,"$1,684.81 ","$1,783.63 "
11/27/2018,ATM Withdrawal ST Enterprises x4307 E SR 397 ken    Kennewick    WAUS,,,($84.00),$98.82 
11/27/2018,POS  HONGS MONGOLIAN        KENNEWICK    WAUS,,,($29.00),$182.82 
11/26/2018,POS  VENMO*Hall Christian   New York CityNYUS,,,$44.55 ,$211.82 
11/25/2018,POS  SQ *ROASTERS WEST R    WEST RICHLANDWAUS,,,($8.00),$167.27 
11/24/2018,POS USA GASOLINE 625 1811 LESLIE R          RICHLAND     WAUS,,,($44.12),$175.27 
11/24/2018,POS WM SUPERCENTER # Wal-Mart Super Cent    RICHLAND     WAUS,,,($84.68),$219.39 
11/24/2018,POS  ULTA #1317             RICHLAND     WAUS,,,($71.61),$304.07 
11/24/2018,POS  HONGS MONGOLIAN        KENNEWICK    WAUS,,,($16.00),$375.68 
11/23/2018,POS FRED-MEYER #0286 FRED MEYER 286         RICHLAND     WAUS,,,($110.95),$391.68 
11/23/2018,External Withdrawal NAVI  ED SERV PP ACH TRANSACTION - STUDNTLOAN,,,($270.29),$502.63 
11/23/2018,External Withdrawal CSI RchLnd PRE-AUTH TRANSACTION - UTLPAYMENT,,,($85.22),$772.92 
11/23/2018,External Withdrawal COMENITY PAY II 800-395-5714 - WEB PYMT,,,($45.00),$858.14 
11/23/2018,POS  SQ *ROASTERS KENNEWICK Kennewick    WAUS,,,($7.75),$903.14 
11/20/2018,Withdrawal Monthly Transfer--Jeanene,,,($125.00),$910.89 
11/20/2018,External Withdrawal WEB - UAS  - x2447  NM103*EUAS DEBIT-     x6581\,,,($202.54),"$1,035.89 "
11/19/2018,POS ROCKET MART 2111 VAN GIESEN ST     RICHLAND     WAUS,,,($9.16),"$1,238.43 "
11/19/2018,POS  OUTBACK 4617           KENNEWICK    WAUS,,,($121.42),"$1,247.59 "
11/18/2018,POS  HONGS MONGOLIAN        KENNEWICK    WAUS,,,($25.33),"$1,369.01 "
11/16/2018,POS FRED-MEYER #0286 FRED MEYER 286         RICHLAND     WAUS,,,($26.49),"$1,394.34 "
11/16/2018,POS FRED-MEYER #0286 FRED MEYER 286         RICHLAND     WAUS,,,($163.29),"$1,420.83 "
11/16/2018,ATM Withdrawal ST Enterprises x4307 E SR 397        Kennewick    WAUS,,,($124.00),"$1,584.12 "
11/15/2018,External Deposit TRINET HR CORPOR  - PAYROLL,,,"$1,684.81 ","$1,708.12 "
11/15/2018,POS  PP*DUTCH BROS 224      WEST RICHLA  WAUS,,,($8.25),$23.31 
11/14/2018,POS FRED-MEYER #0286 FRED MEYER 286         RICHLAND     WAUS,,,($22.05),$31.56 
11/13/2018,External Deposit VENMO  - CASHOUT,,,$46.00 ,$53.61 
11/13/2018,POS  HONGS MONGOLIAN        KENNEWICK    WAUS,,,($25.33),$7.61 
11/13/2018,POS  EXXONMOBIL    x3287 KENNEWICK    WAUS,,,($6.51),$32.94 
11/11/2018,POS  SQ *ROASTERS WEST R    WEST RICHLANDWAUS,,,($6.50),$39.45 
11/10/2018,POS CIRCLE K x6048 1900 N. STEPTOE ST     KENNEWICK    WAUS,,,($51.11),$45.95 
11/10/2018,POS  PP*DUTCH BROS 224      WEST RICHLA  WAUS,,,($8.25),$97.06 
11/8/2018,POS  PP*DUTCH BROS 224      WEST RICHLA  WAUS,,,($8.25),$105.31 
11/6/2018,POS  PP*DUTCH BROS 224      WEST RICHLA  WAUS,,,($9.25),$113.56 
11/5/2018,POS FRED-MEYER #0286 FRED MEYER 286         RICHLAND     WAUS,,,($29.72),$122.81 
11/5/2018,POS  MCMENAMINS CEDAR HILLS BEAVERTON    ORUS,,,($45.00),$152.53 
11/5/2018,External Withdrawal CHARTER COMMUNIC  - CHARTER CO,,,($64.99),$197.53 
11/5/2018,POS  CHEVRON x5314        TROUTDALE    ORUS,,,($49.53),$262.52 
11/3/2018,POS  PACIFIC RESTAURANT     TILLAMOOK    ORUS,,,($62.00),$312.05 
11/3/2018,POS FRED-MEYER #0377 FRED MEYER 377         TILLAMOOK    ORUS,,,($46.94),$374.05 
11/3/2018,POS  VIOC x0091            RICHLAND     WAUS,,,($70.58),$420.99 
11/3/2018,POS  SAFEWAY  STORE  2723   TILLAMOOK    ORUS,,,($26.00),$491.57 
11/2/2018,POS  PILOT_00195            WASCO        ORUS,,,($45.64),$517.57 
11/2/2018,POS PILOT #0195 91485 BIGGS RUFUS H    WASCO        ORUS,,,($5.37),$563.21 
11/2/2018,POS FRED-MEYER #0286 FRED MEYER 286         RICHLAND     WAUS,,,($907.72),$568.58 
11/2/2018,POS FRED-MEYER #0286 FRED MEYER 286         RICHLAND     WAUS,,,($150.03),"$1,476.30 "
11/2/2018,POS  SQ *ROASTERS KENNEWICK Kennewick    WAUS,,,($8.00),"$1,626.33 "
11/1/2018,POS  AIRBNB * HMM52CEAJP    415-800-5959 CAUS,,,($269.58),"$1,620.38 "
10/31/2018,ATM Service Charge Rebate,,,$12.00 ,"$1,634.33 "
10/31/2018,Credit Interest,,,$1.95 ,"$1,622.33 "
10/31/2018,External Deposit TRINET HR CORPOR  - PAYROLL,,,"$1,684.81 ","$1,889.96 "
10/30/2018,POS  GEICO  *AUTO           800-841-3000 DCUS,,,($49.94),$205.15 
10/30/2018,POS  PP*DUTCH BROS 224      WEST RICHLA  WAUS,,,($8.25),$255.09 
10/29/2018,External Withdrawal PAYPAL INSTANT TRANSFER - INST XFER,,,($13.03),$263.34 
10/29/2018,POS  PP*DUTCH BROS 224      WEST RICHLA  WAUS,,,($8.25),$276.37 
10/29/2018,POS TARGET T-083 1106 N Columbia Cen    Kennewick    WAUS,,,($23.87),$284.62 
10/28/2018,ATM Withdrawal ST Enterprises x4307 E SR 397        Kennewick    WAUS,,,($104.00),$308.49 
10/27/2018,POS  ALBERTSONS STORE  0252 RICHLAND     WAUS,,,($19.01),$412.49 
10/27/2018,POS  PP*DUTCH BROS 224      WEST RICHLA  WAUS,,,($8.25),$431.50 
10/26/2018,POS  SQ *ROASTERS KENNEW    KENNEWICK    WAUS,,,($7.75),$439.75 
10/25/2018,POS FRED-MEYER #0286 FRED MEYER 286         RICHLAND     WAUS,,,($129.49),$447.50 
10/25/2018,External Withdrawal PAYPAL INSTANT TRANSFER - INST XFER,,,($84.64),$576.99 
10/25/2018,External Withdrawal COMENITY PAY II 800-395-5714 - WEB PYMT,,,($46.00),$661.63 
10/23/2018,External Withdrawal CSI RchLnd PRE-AUTH TRANSACTION - UTLPAYMENT,,,($117.19),$707.63 
10/22/2018,External Withdrawal WEB - UAS  - x2447  NM103*EUAS DEBIT-     x0371\,,,($202.54),$824.82 
10/22/2018,External Withdrawal NAVI  ED SERV PP ACH TRANSACTION - STUDNTLOAN,,,($270.29),"$1,027.36 "
10/20/2018,Withdrawal Monthly Transfer--Jeanene,,,($125.00),"$1,297.65 "
10/20/2018,ATM Withdrawal ST Enterprises x4307 E SR 397        Kennewick    WAUS,,,($124.00),"$1,422.65 "
10/20/2018,POS USA GASOLINE 625 1811 LESLIE R          RICHLAND     WAUS,,,($54.67),"$1,546.65 "
10/18/2018,POS FRED-MEYER #0286 FRED MEYER 286         RICHLAND     WAUS,,,($47.91),"$1,601.32 "
10/17/2018,POS FRED-MEYER #0286 FRED MEYER 286         RICHLAND     WAUS,,,($93.20),"$1,649.23 "
10/16/2018,POS  SQ *ROASTERS COFFEE: RIRichland     WAUS,,,($8.25),"$1,742.43 "
10/16/2018,POS  LARSEN CHIROPRACTIC    RICHLAND     WAUS,,,($52.00),"$1,750.68 "
10/15/2018,External Deposit TRINET HR CORPOR  - PAYROLL,,,"$1,684.80 ","$1,802.68 "
10/10/2018,POS CIRCLE K x6048 1900 N. STEPTOE ST     KENNEWICK    WAUS,,,($38.04),$117.88 
10/9/2018,POS CIRCLE K x6026 1401 GEORGE WASHING    RICHLAND     WAUS,,,($7.89),$155.92 
10/9/2018,POS FRED-MEYER #0286 FRED MEYER 286         RICHLAND     WAUS,,,($162.00),$163.81 
10/6/2018,ATM Withdrawal ST Enterprises x4307 E SR 397 ken    Kennewick    WAUS,,,($84.00),$325.81 
10/5/2018,Withdrawal,,,($25.00),$409.81 
10/3/2018,POS FRED-MEYER #0286 FRED MEYER 286         RICHLAND     WAUS,,,"($1,201.76)",$434.81 
10/3/2018,POS FRED-MEYER #0286 FRED MEYER 286         RICHLAND     WAUS,,,($249.08),"$1,636.57 "
10/3/2018,External Withdrawal CHARTER COMMUNIC  - CHARTER CO,,,($64.99),"$1,885.65 "
10/1/2018,External Withdrawal PAYPAL INSTANT TRANSFER - INST XFER,,,($10.86),"$1,950.64 "
10/1/2018,External Withdrawal PAYPAL INSTANT TRANSFER - INST XFER,,,($27.15),"$1,961.50 "
10/1/2018,External Withdrawal PAYPAL INSTANT TRANSFER - INST XFER,,,($13.03),"$1,988.65 "
9/30/2018,ATM Service Charge Rebate,,,$8.00 ,"$2,001.68 "
9/30/2018,Credit Interest,,,$3.20 ,"$1,993.68 "
9/30/2018,POS  GEICO  *AUTO           800-841-3000 DCUS,,,($49.94),"$1,990.48 "
9/29/2018,POS  THREE FLAMES MONGOLIAN RICHLAND     WAUS,,,($16.41),"$2,040.42 "
9/28/2018,POS FRED-MEYER #0286 FRED MEYER 286         RICHLAND     WAUS,,,($111.57),"$2,056.83 "
9/28/2018,POS  APL*ITUNES.COM/BILL    800-275-2273 CAUS,,,($57.55),"$2,168.40 "
9/28/2018,External Deposit TRINET HR CORPOR  - PAYROLL,,,"$1,684.82 ","$2,225.95 "
9/26/2018,POS CIRCLE K x6048 1900 N. STEPTOE ST     KENNEWICK    WAUS,,,($47.17),$541.13 
9/24/2018,External Withdrawal NAVI  ED SERV PP ACH TRANSACTION - STUDNTLOAN,,,($270.29),$588.30 
9/24/2018,External Withdrawal COMENITY PAY II 800-395-5714 - WEB PYMT,,,($48.00),$858.59 
9/23/2018,ATM Withdrawal ST Enterprises x4307 E SR 397 ken    Kennewick    WAUS,,,($64.00),$906.59 
9/23/2018,POS CIRCLE K x6048 1900 N. STEPTOE ST     KENNEWICK    WAUS,,,($9.16),$970.59 
9/21/2018,POS FRED-MEYER #0286 FRED MEYER 286         RICHLAND     WAUS,,,($169.63),$979.75 
9/21/2018,POS  ADVENTURES UNDERGROUND RICHLAND     WAUS,,,($52.10),"$1,149.38 "
9/21/2018,POS PANDORAS BOX 960 GEORGE WASHINGT    RICHLAND     WAUS,,,($55.35),"$1,201.48 "
9/21/2018,POS  MEN ZONE KENNEWICK     KENNEWICK    WAUS,,,($38.00),"$1,256.83 "
9/21/2018,POS  AGI*RENTERS/CONDO INS  800-370-1990 FLUS,,,($125.00),"$1,294.83 "
9/20/2018,External Withdrawal WEB - UAS  - x2447  NM103*EUAS DEBIT-     x5403\,,,($199.05),"$1,419.83 "
9/20/2018,External Withdrawal CSI RchLnd PRE-AUTH TRANSACTION - UTLPAYMENT,,,($98.87),"$1,618.88 "
9/19/2018,POS  THREE FLAMES MONGOLIAN RICHLAND     WAUS,,,($17.39),"$1,717.75 "
9/17/2018,POS  PP*DUTCH BROS WA0404   KENNEWICK    WAUS,,,($8.75),"$1,735.14 "
9/14/2018,POS FRED-MEYER #0286 FRED MEYER 286         RICHLAND     WAUS,,,($89.09),"$1,743.89 "
9/14/2018,External Deposit TRINET HR CORPOR  - PAYROLL,,,"$1,684.81 ","$1,832.98 "
9/14/2018,POS  SQ *ROASTERS WEST R    WEST RICHLANDWAUS,,,($9.00),$148.17 
9/13/2018,POS CIRCLE K x6048 1900 N. STEPTOE ST     KENNEWICK    WAUS,,,($46.11),$157.17 
9/12/2018,POS  THREE FLAMES MONGOLIAN RICHLAND     WAUS,,,($17.39),$203.28 
9/12/2018,ATM Withdrawal ST Enterprises x4307 E SR 397 ken    Kennewick    WAUS,,,($64.00),$220.67 
9/11/2018,POS  SQ *ROASTERS COFFEE: RIRichland     WAUS,,,($5.00),$284.67 
9/11/2018,POS ROCKET MART 2111 VAN GIESEN ST     RICHLAND     WAUS,,,($16.03),$289.67 
9/10/2018,POS TARGET T-083 1106 N Columbia Cen    Kennewick    WAUS,,,($13.01),$305.70 
9/10/2018,External Withdrawal PAYPAL INSTANT TRANSFER - INST XFER,,,($54.29),$318.71 
9/10/2018,External Deposit VENMO  - CASHOUT,,,$230.00 ,$373.00 
9/10/2018,POS  HONGS MONGOLIAN        KENNEWICK    WAUS,,,($15.32),$143.00 
9/9/2018,POS FRED-MEYER #0286 FRED MEYER 286         RICHLAND     WAUS,,,($125.92),$158.32 
9/7/2018,POS OFFICE DEPOT 6815 WEST CANAL        KENNEWICK    WAUS,,,($12.78),$284.24 
9/6/2018,POS FRED-MEYER #0286 FRED MEYER 286         RICHLAND     WAUS,,,($16.17),$297.02 
9/5/2018,External Withdrawal Bella Vista Oper x8302 - Rent,,,"($1,215.14)",$313.19 
9/4/2018,Withdrawal,,,"($2,500.00)","$1,528.33 "
9/4/2018,POS  HOBBYLOBBY 7011 W. CANAKENNEWICK    WAUS,,,($31.90),"$4,028.33 "
9/4/2018,External Withdrawal CHARTER COMMUNIC  - CHARTER CO,,,($64.99),"$4,060.23 "
9/4/2018,External Withdrawal PAYPAL INSTANT TRANSFER - INST XFER,,,($13.03),"$4,125.22 "
9/4/2018,POS  ABC*GOLDS GYM          509-x2121  WAUS,,,($36.92),"$4,138.25 "
9/4/2018,POS  PP*DUTCH BROS 224      WEST RICHLA  WAUS,,,($8.25),"$4,175.17 "
9/1/2018,POS PANDORAS BOX 5300 W CLEARWATER A    KENNEWICK    WAUS,,,($21.71),"$4,183.42 "
9/1/2018,POS  STERLINGS RESTAURANT   KENNEWICK    WAUS,,,($23.51),"$4,192.26 "
8/31/2018,ATM Service Charge Rebate,,,$4.00 ,"$4,205.13 "
8/31/2018,Credit Interest,,,$8.87 ,"$4,201.13 "
8/31/2018,POS PANDORAS BOX 5300 W CLEARWATER A    KENNEWICK    WAUS,,,($85.63),"$4,215.77 "
8/31/2018,POS WM SUPERCENTER # Wal-Mart Super Cent    RICHLAND     WAUS,,,($157.32),"$4,301.40 "
8/31/2018,POS  TRICITIES MATTRESS LLC KENNEWICK    WAUS,,,($32.58),"$4,458.72 "
8/31/2018,External Deposit TRINET HR CORPOR  - PAYROLL,,,"$1,684.81 ","$4,491.30 "
8/31/2018,POS  BUSH CAR WASH (AARON D RICHLAND     WAUS,,,($8.00),"$2,806.49 "
8/30/2018,POS FRED M FUEL #928 101 WELLSIAN WAY       RICHLAND     WAUS,,,($42.07),"$2,814.49 "
8/30/2018,POS FRED-MEYER #0286 FRED MEYER 286         RICHLAND     WAUS,,,($131.08),"$2,856.56 "
8/30/2018,POS  GEICO  *AUTO           800-841-3000 DCUS,,,($51.07),"$2,987.64 "
8/30/2018,POS CIRCLE K x0603 5301 W. CANAL DR       KENNEWICK    WAUS,,,($21.89),"$3,038.71 "
8/29/2018,POS FRED-MEYER #0286 FRED MEYER 286         RICHLAND     WAUS,,,($51.60),"$3,060.60 "
8/28/2018,POS  APL*ITUNES.COM/BILL    800-275-2273 CAUS,,,($21.71),"$3,112.20 "
8/23/2018,External Withdrawal COMENITY PAY II 800-395-5714 - WEB PYMT,,,($49.00),"$3,133.91 "
8/22/2018,POS FRED-MEYER #0286 FRED MEYER 286         RICHLAND     WAUS,,,($376.80),"$3,182.91 "
8/22/2018,External Withdrawal NAVI  ED SERV PP ACH TRANSACTION - STUDNTLOAN,,,($270.29),"$3,559.71 "
8/22/2018,External Withdrawal CSI RchLnd PRE-AUTH TRANSACTION - UTLPAYMENT,,,($125.73),"$3,830.00 "
8/22/2018,POS  THREE FLAMES MONGOLIAN RICHLAND     WAUS,,,($18.03),"$3,955.73 "
8/21/2018,POS  ADVENTURES UNDERGROUND RICHLAND     WAUS,,,($88.40),"$3,973.76 "
8/21/2018,External Withdrawal WEB - UAS  - x2447  NM103*EUAS DEBIT-     x6445\,,,($199.05),"$4,062.16 "
8/20/2018,POS  APL*ITUNES.COM/BILL    800-275-2273 CAUS,,,($21.71),"$4,261.21 "
8/18/2018,POS TARGET T-083 1106 N Columbia Cen    Kennewick    WAUS,,,($75.86),"$4,282.92 "
8/18/2018,POS CIRCLE K x6026 1401 GEORGE WASHING    RICHLAND     WAUS,,,($11.97),"$4,358.78 "
8/15/2018,POS CIRCLE K x6048 1900 N. STEPTOE ST     KENNEWICK    WAUS,,,($9.47),"$4,370.75 "
8/15/2018,External Deposit TRINET HR CORPOR  - PAYROLL,,,"$1,684.80 ","$4,380.22 "
8/14/2018,POS  HONGS MONGOLIAN        KENNEWICK    WAUS,,,($17.16),"$2,695.42 "
8/13/2018,POS CIRCLE K x6048 1900 N. STEPTOE ST     KENNEWICK    WAUS,,,($47.02),"$2,712.58 "
8/10/2018,POS FRED-MEYER #0286 FRED MEYER 286         RICHLAND     WAUS,,,($157.01),"$2,759.60 "
8/10/2018,POS ROCKET MART 2111 VAN GIESEN ST     RICHLAND     WAUS,,,($28.71),"$2,916.61 "
8/9/2018,ATM Withdrawal ST Enterprises x4307 E SR 397        Kennewick    WAUS,,,($84.00),"$2,945.32 "
8/7/2018,External Withdrawal Bella Vista Oper x3411 - Rent,,,"($1,067.04)","$3,029.32 "
8/3/2018,External Withdrawal CHARTER COMMUNIC  - CHARTER CO,,,($64.99),"$4,096.36 "
8/3/2018,POS  ABC*GOLDS GYM          509-x2121  WAUS,,,($36.92),"$4,161.35 "
8/1/2018,POS CIRCLE K x6048 1900 N. STEPTOE ST     KENNEWICK    WAUS,,,($40.00),"$4,198.27 "
8/1/2018,POS  APL*ITUNES.COM/BILL    800-275-2273 CAUS,,,($27.13),"$4,238.27 "
7/31/2018,Credit Interest,,,$5.95 ,"$4,265.40 "
7/31/2018,POS FRED-MEYER #0286 FRED MEYER 286         RICHLAND     WAUS,,,($255.70),"$4,259.45 "
7/31/2018,External Deposit TRINET HR CORPOR  - PAYROLL,,,"$3,045.01 ","$4,515.15 "
7/30/2018,POS  GEICO  *AUTO           800-841-3000 DCUS,,,($51.07),"$1,470.14 "
7/30/2018,External Withdrawal PAYPAL INSTANT TRANSFER - INST XFER,,,($13.03),"$1,521.21 "
7/24/2018,POS  CHEVRON/DBA JOE'S CHEVRRICHLAND     WAUS,,,($14.34),"$1,534.24 "
7/24/2018,External Withdrawal CSI RchLnd PRE-AUTH TRANSACTION - UTLPAYMENT,,,($108.29),"$1,548.58 "
7/24/2018,External Withdrawal COMENITY PAY II 800-395-5714 - WEB PYMT,,,($51.00),"$1,656.87 "
7/23/2018,External Withdrawal NAVI  ED SERV PP ACH TRANSACTION - STUDNTLOAN,,,($270.29),"$1,707.87 "
7/23/2018,POS CIRCLE K x6048 1900 N. STEPTOE ST     KENNEWICK    WAUS,,,($3.90),"$1,978.16 "
7/22/2018,POS BEST BUY 6809 WEST CANAL DRI    KENNEWICK    WAUS,,,($162.89),"$1,982.06 "
7/22/2018,POS CIRCLE K x6048 1900 N. STEPTOE ST     KENNEWICK    WAUS,,,($44.72),"$2,144.95 "
7/22/2018,POS  KADLEC REGIONAL MEDICAL509-x2617  WAUS,,,($325.00),"$2,189.67 "
7/22/2018,POS FRED-MEYER #0286 FRED MEYER 286         RICHLAND     WAUS,,,($374.23),"$2,514.67 "
7/21/2018,POS  GETDRIVERSLICENSE      866-x1523  FLUS,,,($19.99),"$2,888.90 "
7/20/2018,POS VIOC x0091 25 COLUMBIA POINT D    RICHLAND     WAUS,,,($111.84),"$2,908.89 "
7/20/2018,External Withdrawal WEB - UAS  - x2447  NM103*EUAS DEBIT-     x3593\,,,($199.05),"$3,020.73 "
7/19/2018,POS TARGET T-083 1106 N Columbia Cen    Kennewick    WAUS,,,($81.66),"$3,219.78 "
7/19/2018,POS BEST BUY 6809 WEST CANAL DRI    KENNEWICK    WAUS,,,($15.19),"$3,301.44 "
7/18/2018,POS  GETDRIVERSLICENSE      866-x1523  FLUS,,,($3.99),"$3,316.63 "
7/17/2018,POS  WA DOL LIC & REG 25033 KENNEWICK    WAUS,,,($56.00),"$3,320.62 "
7/15/2018,POS CIRCLE K x6048 1900 N. STEPTOE ST     KENNEWICK    WAUS,,,($3.26),"$3,376.62 "
7/14/2018,POS CIRCLE K x6043 1915 COLUMBIA CENTE    RICHLAND     WAUS,,,($39.60),"$3,379.88 "
7/13/2018,External Deposit TRINET HR CORPOR  - PAYROLL,,,"$1,684.81 ","$3,419.48 "
7/12/2018,POS FRED-MEYER #0286 FRED MEYER 286         RICHLAND     WAUS,,,($183.58),"$1,734.67 "
7/9/2018,External Withdrawal PAYPAL INSTANT TRANSFER - INST XFER,,,($16.28),"$1,918.25 "
7/7/2018,POS SMITTYS 29 1400 BOMBING RANGE     WEST RICHLANDWAUS,,,($9.03),"$1,934.53 "
7/6/2018,External Withdrawal VENMO  - VERIFYBAN,,,($0.01),"$1,943.56 "
7/6/2018,External Withdrawal VENMO  - VERIFYBAN,,,($0.20),"$1,943.57 "
7/6/2018,External Withdrawal PAYPAL INSTANT TRANSFER - INST XFER,,,($17.99),"$1,943.77 "
7/6/2018,External Deposit VENMO  - VERIFYBAN,,,$0.01 ,"$1,961.76 "
7/6/2018,External Deposit VENMO  - VERIFYBAN,,,$0.20 ,"$1,961.75 "
7/3/2018,External Withdrawal Bella Vista Oper x4335 - Rent,,,"($1,063.46)","$1,961.55 "
7/3/2018,External Withdrawal CHARTER COMMUNIC  - CHARTER CO,,,($64.99),"$3,025.01 "
7/3/2018,POS  ABC*GOLDS GYM          509-x2121  WAUS,,,($36.92),"$3,090.00 "
7/2/2018,External Withdrawal PAYPAL INSTANT TRANSFER - INST XFER,,,($13.03),"$3,126.92 "
7/2/2018,External Withdrawal CSI RchLnd PRE-AUTH TRANSACTION - UTLPAYMENT,,,($86.38),"$3,139.95 "
6/30/2018,Credit Interest,,,$0.08 ,"$3,226.33 "
6/30/2018,POS  GEICO  *AUTO           800-841-3000 DCUS,,,($51.62),"$3,226.25 "
6/30/2018,POS FRED-MEYER #0286 FRED MEYER 286         RICHLAND     WAUS,,,($188.12),"$3,277.87 "
6/30/2018,POS CIRCLE K x6043 1915 COLUMBIA CENTE    RICHLAND     WAUS,,,($7.04),"$3,465.99 "
6/29/2018,POS  ADVENTURES UNDERGROUND RICHLAND     WAUS,,,($114.46),"$3,473.03 "
6/29/2018,External Deposit TRINET HR CORPOR  - PAYROLL,,,"$1,684.80 ","$3,587.49 "
6/26/2018,POS  SHELL Service Station  RICHLAND     WAUS,,,($50.27),"$1,902.69 "
6/25/2018,External Withdrawal COMENITY PAY II 800-395-5714 - WEB PYMT,,,($48.00),"$1,952.96 "
6/22/2018,External Withdrawal NAVI  ED SERV PP ACH TRANSACTION - STUDNTLOAN,,,($270.29),"$2,000.96 "
6/21/2018,POS FRED-MEYER #0286 FRED MEYER 286         RICHLAND     WAUS,,,($290.81),"$2,271.25 "
6/20/2018,External Withdrawal WEB - UAS  - x2447  NM103*EUAS DEBIT-     x3512\,,,($195.61),"$2,562.06 "
6/15/2018,External Deposit TRINET HR CORPOR  - PAYROLL,,,"$1,684.81 ","$2,757.67 "
6/12/2018,POS CIRCLE K x6048 1900 N. STEPTOE ST     KENNEWICK    WAUS,,,($51.35),"$1,072.86 "
6/11/2018,POS  HONGS MONGOLIAN        KENNEWICK    WAUS,,,($20.00),"$1,124.21 "
6/8/2018,POS ARS-FRESNO LLC S 22 SOUTH GUM STREET    KENNEWICK    WAUS,,,($6.71),"$1,144.21 "
6/5/2018,External Withdrawal Bella Vista Oper x5760 - Rent,,,"($1,053.46)","$1,150.92 "
6/3/2018,POS  ABC*GOLDS GYM          509-x2121  WAUS,,,($36.92),"$2,204.38 "
6/2/2018,POS FRED-MEYER #0286 FRED MEYER 286         RICHLAND     WAUS,,,($100.78),"$2,241.30 "
6/1/2018,External Withdrawal CHARTER COMMUNIC  - CHARTER CO,,,($64.99),"$2,342.08 "
5/31/2018,Credit Interest,,,$4.83 ,"$2,407.07 "
5/31/2018,External Deposit TRINET HR CORPOR  - PAYROLL,,,"$1,684.82 ","$2,402.24 "
5/30/2018,POS CIRCLE K x6026 1401 GEORGE WASHING    RICHLAND     WAUS,,,($10.10),$717.42 
5/30/2018,POS  GEICO  *AUTO           800-841-3000 DCUS,,,($51.65),$727.52 
