Date,Description,Comments,Check Number,Amount,Balance
8/26/2021,POS TARGET T-2314 2941 Queensgate Dr     Richland     WAUS,,,($35.17),"$10,951.40 "
8/25/2021,POS  APPLE.COM/BILL         408-974-1010 CAUS,,,($1.08),"$10,986.57 "
8/25/2021,POS  SMOKE CITY FOR LESS    KENNEWICK    WAUS,,,($27.12),"$10,987.65 "
8/25/2021,POS  FRED-MEYER #0286 FRED MRICHLAND     WAUS,,,($60.42),"$11,014.77 "
8/23/2021,External Withdrawal PAYPAL INSTANT TRANSFER - INST XFER,,,($184.57),"$11,075.19 "
8/22/2021,POS  CHIPOTLE 2573          KENNEWICK    WAUS,,,($25.58),"$11,259.76 "
8/20/2021,Withdrawal Transfer to x4978,,,($200.00),"$11,285.34 "
8/20/2021,External Withdrawal UAS               x9418 - EPAYMENT,,,($184.06),"$11,485.34 "
8/19/2021,ATM Withdrawal GESA CREDIT UNION 4755 PARADISE WAY WU   WEST RICHLANDWAUS,,,($200.00),"$11,669.40 "
8/17/2021,External Deposit GUSTO e3eu - PAY x2629,,,"$2,512.80 ","$11,869.40 "
8/17/2021,POS  COSTCO WHSE #0486      KENNEWICK    WAUS,,,($239.41),"$9,356.60 "
8/16/2021,POS  APPLE.COM/BILL         866-712-7753 CAUS,,,($0.99),"$9,596.01 "
8/16/2021,POS  APPLE.COM/BILL         866-712-7753 CAUS,,,($2.16),"$9,597.00 "
8/15/2021,POS  CHIPOTLE 2573          KENNEWICK    WAUS,,,($25.58),"$9,599.16 "
8/15/2021,POS  SQ *THE COLLECTORS CORNKENNEWICK    WAUS,,,($109.69),"$9,624.74 "
8/15/2021,POS TARGET T-083 1106 N Columbia Cen    Kennewick    WAUS,,,($23.97),"$9,734.43 "
8/14/2021,POS  FRED-MEYER #0163 FRED MKENNEWICK    WAUS,,,($43.60),"$9,758.40 "
8/14/2021,POS  FRED-MEYER #0163 FRED MKENNEWICK    WAUS,,,($54.28),"$9,802.00 "
8/11/2021,External Withdrawal PAYPAL INSTANT TRANSFER - INST XFER,,,($5.00),"$9,856.28 "
8/10/2021,POS MAVERIK #448 3520 KEENE ROAD        RICHLAND     WAUS,,,($55.11),"$9,861.28 "
8/10/2021,POS MAVERIK #448 3520 KEENE ROAD        RICHLAND     WAUS,,,($3.58),"$9,916.39 "
8/9/2021,POS  APPLE.COM/BILL         866-712-7753 CAUS,,,($44.51),"$9,919.97 "
8/8/2021,POS  CHIPOTLE 2573          KENNEWICK    WAUS,,,($25.30),"$9,964.48 "
8/7/2021,POS TARGET T-083 1106 N Columbia Cen    Kennewick    WAUS,,,($60.03),"$9,989.78 "
8/7/2021,ATM Withdrawal GESA CREDIT UNION 4755 PARADISE WAY WU   WEST RICHLANDWAUS,,,($160.00),"$10,049.81 "
8/6/2021,POS  FRED-MEYER #0286 FRED MRICHLAND     WAUS,,,($168.80),"$10,209.81 "
8/5/2021,External Withdrawal PAYPAL INSTANT TRANSFER - INST XFER,,,($102.98),"$10,378.61 "
8/4/2021,POS  APPLE.COM/BILL         866-712-7753 CAUS,,,($1.08),"$10,481.59 "
8/4/2021,POS  SMOKE CITY FOR LESS    KENNEWICK    WAUS,,,($94.99),"$10,482.67 "
8/3/2021,External Deposit GUSTO e3eu - PAY x5522,,,"$2,512.80 ","$10,577.66 "
8/2/2021,POS  SAFEWAY #0252          RICHLAND     WAUS,,,($74.59),"$8,064.86 "
8/2/2021,POS  AMAZON.COM             SEATTLE      WAUS,,,($23.55),"$8,139.45 "
8/2/2021,POS  AMAZON.COM             SEATTLE      WAUS,,,($26.88),"$8,163.00 "
8/2/2021,POS  RichlandAirportMiniStor509-x3855  WAUS,,,($139.00),"$8,189.88 "
8/1/2021,POS  SQ *THE COLLECTORS CORNKENNEWICK    WAUS,,,($152.04),"$8,328.88 "
7/31/2021,ATM Service Charge Rebate,,,$3.00 ,"$8,480.92 "
7/31/2021,Credit Interest,,,$11.40 ,"$8,477.92 "
7/31/2021,POS TARGET T-083 1106 N Columbia Cen    Kennewick    WAUS,,,($63.46),"$8,466.52 "
7/30/2021,POS  GEICO  *AUTO           800-841-3000 DCUS,,,($47.15),"$8,529.98 "
7/30/2021,Withdrawal Hall Pmt from x0368 CK,,,($52.20),"$8,577.13 "
7/30/2021,POS  COSTCO WHSE #0486      KENNEWICK    WAUS,,,($128.86),"$8,629.33 "
7/30/2021,ATM Withdrawal ATMG DGA West R 4000 Kennedy Rd        West RichlandWAUS,,,($243.00),"$8,758.19 "
7/29/2021,External Withdrawal PAYPAL INSTANT TRANSFER - INST XFER,,,($129.99),"$9,001.19 "
7/28/2021,POS  APPLE.COM/BILL         866-712-7753 CAUS,,,($1.08),"$9,131.18 "
7/27/2021,POS  FRED-MEYER #0163 FRED MKENNEWICK    WAUS,,,($50.69),"$9,132.26 "
7/26/2021,External Withdrawal PAYPAL INSTANT TRANSFER - INST XFER,,,($161.98),"$9,182.95 "
7/25/2021,POS  SQ *THE COLLECTORS CORNKENNEWICK    WAUS,,,($207.43),"$9,344.93 "
7/24/2021,POS  SAFEWAY #0252          RICHLAND     WAUS,,,($8.68),"$9,552.36 "
7/23/2021,POS  FRED-MEYER #0286 FRED MRICHLAND     WAUS,,,($162.85),"$9,561.04 "
7/21/2021,POS  YOKES WEST RICHLAND    W. RICHLAND  WAUS,,,($43.94),"$9,723.89 "
7/21/2021,ATM Withdrawal GESA CREDIT UNION 4755 PARADISE WAY WU   WEST RICHLANDWAUS,,,($140.00),"$9,767.83 "
7/20/2021,Withdrawal Transfer to x4978,,,($200.00),"$9,907.83 "
7/20/2021,External Deposit GUSTO e3eu - PAY x7984,,,"$2,512.80 ","$10,107.83 "
7/20/2021,External Withdrawal UAS               x9246 - EPAYMENT,,,($184.06),"$7,595.03 "
7/19/2021,POS  APPLE.COM/BILL         866-712-7753 CAUS,,,($44.51),"$7,779.09 "
7/19/2021,POS  INCA MEXIC* INCA MEXIC WWW.INCAMEXICWAUS,,,($21.94),"$7,823.60 "
7/19/2021,POS  SAFEWAY #0335          KENNEWICK    WAUS,,,($27.14),"$7,845.54 "
7/16/2021,POS  APPLE.COM/BILL         866-712-7753 CAUS,,,($0.99),"$7,872.68 "
7/16/2021,POS  FRED-MEYER #0286 FRED MRICHLAND     WAUS,,,($154.02),"$7,873.67 "
7/15/2021,POS CIRCLE K x6048 1900 N. STEPTOE ST     KENNEWICK    WAUS,,,($2.72),"$8,027.69 "
7/14/2021,POS  APPLE.COM/BILL         866-712-7753 CAUS,,,($22.79),"$8,030.41 "
7/13/2021,POS MAVERIK #448 3520 KEENE ROAD        RICHLAND     WAUS,,,($54.78),"$8,053.20 "
7/13/2021,POS  COSTCO WHSE #0486      KENNEWICK    WAUS,,,($235.28),"$8,107.98 "
7/12/2021,External Withdrawal PAYPAL INSTANT TRANSFER - INST XFER,,,($5.00),"$8,343.26 "
7/12/2021,External Withdrawal PAYPAL INSTANT TRANSFER - INST XFER,,,($59.70),"$8,348.26 "
7/12/2021,POS  CHIPOTLE 2573          KENNEWICK    WAUS,,,($27.96),"$8,407.96 "
7/11/2021,POS UNITED PACIFIC 500 GEORGE WASHING     RICHLAND     WAUS,,,($6.58),"$8,435.92 "
7/11/2021,POS  SQ *THE COLLECTORS CORNKENNEWICK    WAUS,,,($119.46),"$8,442.50 "
7/9/2021,POS  FRED-MEYER #0286 FRED MRICHLAND     WAUS,,,($112.39),"$8,561.96 "
7/9/2021,POS CIRCLE K x6026 1401 GEORGE WASHING    RICHLAND     WAUS,,,($10.57),"$8,674.35 "
7/8/2021,ATM Withdrawal GESA CREDIT UNION 4755 PARADISE WAY WU   WEST RICHLANDWAUS,,,($200.00),"$8,684.92 "
7/8/2021,Withdrawal,,,"($5,000.00)","$8,884.92 "
7/7/2021,External Deposit GUSTO e3eu - PAY x7045,,,"$2,512.80 ","$13,884.92 "
7/7/2021,POS  APPLE.COM/BILL         866-712-7753 CAUS,,,($2.16),"$11,372.12 "
7/7/2021,External Withdrawal PAYPAL INSTANT TRANSFER - INST XFER,,,($338.37),"$11,374.28 "
7/6/2021,POS  CHIPOTLE 2573          KENNEWICK    WAUS,,,($28.24),"$11,712.65 "
7/6/2021,POS  SQ *THE COLLECTORS CORNKENNEWICK    WAUS,,,($130.32),"$11,740.89 "
7/4/2021,POS TARGET T-083 1106 N Columbia Cen    Kennewick    WAUS,,,($49.78),"$11,871.21 "
7/4/2021,POS TARGET T-2314 2941 Queensgate Dr     Richland     WAUS,,,($31.97),"$11,920.99 "
7/2/2021,POS  RichlandAirportMiniStor509-x3855  WAUS,,,($139.00),"$11,952.96 "
7/2/2021,POS  FRED-MEYER #0286 FRED MRICHLAND     WAUS,,,($236.92),"$12,091.96 "
7/1/2021,Deposit,,,$200.00 ,"$12,328.88 "
6/30/2021,ATM Service Charge Rebate,,,$3.00 ,"$12,128.88 "
6/30/2021,Credit Interest,,,$12.27 ,"$12,125.88 "
6/30/2021,Descriptive Withdrawal AMAZON.COM             SEATTLE      WAUS,,,($162.85),"$12,113.61 "
6/30/2021,POS  APPLE.COM/BILL         866-712-7753 CAUS,,,($1.08),"$12,276.46 "
6/30/2021,POS  GEICO  *AUTO           800-841-3000 DCUS,,,($45.00),"$12,277.54 "
6/30/2021,POS  AMAZON.COM             SEATTLE      WAUS,,,($162.85),"$12,322.54 "
6/29/2021,POS  AMAZON.COM             SEATTLE      WAUS,,,$162.85 ,"$12,485.39 "
6/29/2021,External Withdrawal PAYPAL INSTANT TRANSFER - INST XFER,,,($243.89),"$12,322.54 "
6/29/2021,POS  COSTCO WHSE #0486      KENNEWICK    WAUS,,,$18.45 ,"$12,566.43 "
6/29/2021,Withdrawal Hall Pmt from x0368 CK,,,($340.36),"$12,547.98 "
6/29/2021,POS  COSTCO WHSE #0486      KENNEWICK    WAUS,,,($219.23),"$12,888.34 "
6/28/2021,External Withdrawal PAYPAL INSTANT TRANSFER - INST XFER,,,($271.41),"$13,107.57 "
6/28/2021,External Withdrawal PAYPAL INSTANT TRANSFER - INST XFER,,,($70.56),"$13,378.98 "
6/27/2021,POS  SQ *THE COLLECTORS CORNKennewick    WAUS,,,($43.44),"$13,449.54 "
6/27/2021,POS  FRED-MEYER #0163 FRED MKENNEWICK    WAUS,,,($59.68),"$13,492.98 "
6/26/2021,POS TARGET T-083 1106 N Columbia Cen    Kennewick    WAUS,,,($16.02),"$13,552.66 "
6/26/2021,POS MAVERIK #448 3520 KEENE ROAD        RICHLAND     WAUS,,,($55.06),"$13,568.68 "
6/26/2021,POS MAVERIK #448 3520 KEENE ROAD        RICHLAND     WAUS,,,($15.06),"$13,623.74 "
6/24/2021,POS  CHIPOTLE 2573          KENNEWICK    WAUS,,,($27.96),"$13,638.80 "
6/23/2021,POS  APPLE.COM/BILL         866-712-7753 CAUS,,,($1.08),"$13,666.76 "
6/22/2021,External Deposit GUSTO e3eu - PAY x3507,,,"$2,512.80 ","$13,667.84 "
6/22/2021,External Withdrawal UAS               x9096 - EPAYMENT,,,($184.06),"$11,155.04 "
6/21/2021,POS  HONGS MONGOLIAN        KENNEWICK    WAUS,,,($30.61),"$11,339.10 "
6/21/2021,POS  INCA MEXIC* INCA MEXIC WWW.INCAMEXICWAUS,,,($20.36),"$11,369.71 "
6/20/2021,Withdrawal Transfer to x4978,,,($75.00),"$11,390.07 "
6/20/2021,POS  BARNESNOBLE 700 ColumbiKennewick    WAUS,,,($27.10),"$11,465.07 "
6/20/2021,POS  CHEVRON x1499        WEST RICHLANDWAUS,,,($15.12),"$11,492.17 "
6/20/2021,POS  SCOTTS CYCLE AND SPORTSKENNEWICK    WAUS,,,"($1,357.50)","$11,507.29 "
6/20/2021,ATM Withdrawal GESA CREDIT UNION 4755 PARADISE WAY WU   WEST RICHLANDWAUS,,,($100.00),"$12,864.79 "
6/18/2021,POS  FRED-MEYER #0286 FRED MRICHLAND     WAUS,,,($208.18),"$12,964.79 "
6/17/2021,POS  CHIPOTLE 2573          KENNEWICK    WAUS,,,($28.24),"$13,172.97 "
6/16/2021,ATM Withdrawal GESA CREDIT UNION 4755 PARADISE WAY WU   WEST RICHLANDWAUS,,,($200.00),"$13,201.21 "
6/16/2021,External Deposit GUSTO e3eu - PAY x3434,,,"$1,090.82 ","$13,401.21 "
6/16/2021,POS  APPLE.COM/BILL         408-974-1010 CAUS,,,($0.99),"$12,310.39 "
6/13/2021,POS  APPLE.COM/BILL         408-974-1010 CAUS,,,($1.08),"$12,311.38 "
6/11/2021,External Withdrawal PAYPAL INSTANT TRANSFER - INST XFER,,,($5.00),"$12,312.46 "
6/11/2021,POS  HONGS MONGOLIAN        KENNEWICK    WAUS,,,($32.61),"$12,317.46 "
6/10/2021,Withdrawal Hall Pmt from x0368 CK,,,($87.08),"$12,350.07 "
6/10/2021,POS  APPLE.COM/BILL         866-712-7753 CAUS,,,($45.58),"$12,437.15 "
6/8/2021,POS  COSTCO WHSE #0486      KENNEWICK    WAUS,,,($139.03),"$12,482.73 "
6/7/2021,POS  CHIPOTLE 2573          KENNEWICK    WAUS,,,($25.58),"$12,621.76 "
6/7/2021,External Deposit WA ST EMPLOY SEC  - UI BENEFIT,,,$830.00 ,"$12,647.34 "
6/6/2021,POS  SQ *THE COLLECTORS CORNKENNEWICK    WAUS,,,($217.20),"$11,817.34 "
6/6/2021,POS  FRED-MEYER #0286 FRED MRICHLAND     WAUS,,,($110.59),"$12,034.54 "
6/5/2021,POS  CHIPOTLE 3601          RICHLAND     WAUS,,,($12.43),"$12,145.13 "
6/5/2021,POS MAVERIK #448 3520 KEENE ROAD        RICHLAND     WAUS,,,($3.58),"$12,157.56 "
6/3/2021,POS  HONGS MONGOLIAN        KENNEWICK    WAUS,,,($30.43),"$12,161.14 "
6/3/2021,POS CIRCLE K x6034 7707 W. DESCHUTES      KENNEWICK    WAUS,,,($11.65),"$12,191.57 "
6/3/2021,POS  APPLE.COM/BILL         408-974-1010 CAUS,,,($6.49),"$12,203.22 "
6/2/2021,POS  RichlandAirportMiniStor509-x3855  WAUS,,,($139.00),"$12,209.71 "
6/2/2021,ATM Withdrawal ATMG DGA West R 4000 Kennedy Rd        West RichlandWAUS,,,($303.00),"$12,348.71 "
6/1/2021,External Withdrawal PAYPAL INSTANT TRANSFER - INST XFER,,,($53.54),"$12,651.71 "
6/1/2021,External Withdrawal PAYPAL INSTANT TRANSFER - INST XFER,,,($148.50),"$12,705.25 "
6/1/2021,POS  HONGS MONGOLIAN        KENNEWICK    WAUS,,,($24.33),"$12,853.75 "
5/31/2021,Credit Interest,,,$12.68 ,"$12,878.08 "
5/30/2021,POS ROCKET MART 5304 W Canal Dr        Kennewick    WAUS,,,($50.66),"$12,865.40 "
5/30/2021,POS  GEICO  *AUTO           800-841-3000 DCUS,,,($44.98),"$12,916.06 "
5/29/2021,POS  AMAZON.COM             SEATTLE      WAUS,,,($217.19),"$12,961.04 "
5/29/2021,POS  AMAZON.COM             SEATTLE      WAUS,,,($262.30),"$13,178.23 "
5/28/2021,External Withdrawal PAYPAL INSTANT TRANSFER - INST XFER,,,($343.78),"$13,440.53 "
5/28/2021,POS  CHIPOTLE 2573          KENNEWICK    WAUS,,,($29.16),"$13,784.31 "
5/28/2021,External Deposit WA ST EMPLOY SEC  - UI BENEFIT,,,$830.00 ,"$13,813.47 "
5/27/2021,POS TARGET T-083 1106 N Columbia Cen    Kennewick    WAUS,,,($11.66),"$12,983.47 "
5/27/2021,POS BEST BUY 6809 WEST CANAL DRI    KENNEWICK    WAUS,,,($141.17),"$12,995.13 "
5/27/2021,POS  AMAZON.COM             SEATTLE      WAUS,,,($42.33),"$13,136.30 "
5/27/2021,POS  AMAZON.COM             SEATTLE      WAUS,,,($18.23),"$13,178.63 "
5/27/2021,POS  SUPER SUPPLEMENTS 1019 KENNEWICK    WAUS,,,($117.68),"$13,196.86 "
5/26/2021,POS  APPLE.COM/BILL         866-712-7753 CAUS,,,($1.08),"$13,314.54 "
5/26/2021,External Deposit GUSTO 6semjm933fh - EBV x7217,,,$0.01 ,"$13,315.62 "
5/26/2021,POS  FRED-MEYER #0163 FRED MKENNEWICK    WAUS,,,($75.58),"$13,315.61 "
5/25/2021,POS  FRED-MEYER #0286 FRED MRICHLAND     WAUS,,,($192.52),"$13,391.19 "
5/22/2021,POS  CHIPOTLE 2573          KENNEWICK    WAUS,,,($24.44),"$13,583.71 "
5/21/2021,POS  HERRES CHIROPRACTIC PLLPASCO        WAUS,,,($55.00),"$13,608.15 "
5/21/2021,External Deposit WA ST EMPLOY SEC  - UI BENEFIT,,,$830.00 ,"$13,663.15 "
5/20/2021,Withdrawal Transfer to x4978,,,($75.00),"$12,833.15 "
5/20/2021,POS  COSTCO WHSE #0486      KENNEWICK    WAUS,,,($327.63),"$12,908.15 "
5/20/2021,External Withdrawal UAS               x8916 - EPAYMENT,,,($184.06),"$13,235.78 "
5/20/2021,External Withdrawal PAYPAL INSTANT TRANSFER - INST XFER,,,($59.43),"$13,419.84 "
5/20/2021,POS  APPLE.COM/BILL         866-712-7753 CAUS,,,($1.08),"$13,479.27 "
5/16/2021,POS  APPLE.COM/BILL         866-712-7753 CAUS,,,($0.99),"$13,480.35 "
5/16/2021,POS  APPLE.COM/BILL         866-712-7753 CAUS,,,($1.08),"$13,481.34 "
5/15/2021,POS MAVERIK #448 3520 KEENE ROAD        RICHLAND     WAUS,,,($51.57),"$13,482.42 "
5/14/2021,POS  CHIPOTLE 3601          RICHLAND     WAUS,,,($12.00),"$13,533.99 "
5/14/2021,External Deposit WA ST EMPLOY SEC  - UI BENEFIT,,,$830.00 ,"$13,545.99 "
5/14/2021,POS  FRED-MEYER #0286 FRED MRICHLAND     WAUS,,,($120.85),"$12,715.99 "
5/13/2021,ATM Withdrawal GESA CREDIT UNION 2951 DUPORTAIL STREET WRICHLAND     WAUS,,,($200.00),"$12,836.84 "
5/13/2021,POS  COSTCO WHSE #0486      KENNEWICK    WAUS,,,($184.49),"$13,036.84 "
5/12/2021,POS  APPLE.COM/BILL         866-712-7753 CAUS,,,($1.08),"$13,221.33 "
5/11/2021,External Withdrawal PAYPAL INSTANT TRANSFER - INST XFER,,,($5.00),"$13,222.41 "
5/11/2021,External Deposit WA ST EMPLOY SEC  - UI BENEFIT,,,$830.00 ,"$13,227.41 "
5/8/2021,POS  CHIPOTLE 3601          RICHLAND     WAUS,,,($12.00),"$12,397.41 "
5/7/2021,POS  APPLE.COM/BILL         408-974-1010 CAUS,,,($43.43),"$12,409.41 "
5/7/2021,External Deposit WA ST EMPLOY SEC  - UI BENEFIT,,,$830.00 ,"$12,452.84 "
5/6/2021,POS  FRED-MEYER #0163 FRED MKENNEWICK    WAUS,,,($167.21),"$11,622.84 "
5/5/2021,POS  APPLE.COM/BILL         866-712-7753 CAUS,,,($1.08),"$11,790.05 "
5/5/2021,POS  AMAZON.COM             SEATTLE      WAUS,,,($13.02),"$11,791.13 "
5/5/2021,POS  AMAZON.COM             SEATTLE      WAUS,,,($207.19),"$11,804.15 "
5/4/2021,POS  FRED-MEYER #0286 FRED MRICHLAND     WAUS,,,($93.36),"$12,011.34 "
5/4/2021,POS VIOC x0091 25 COLUMBIA POINT D    RICHLAND     WAUS,,,($62.97),"$12,104.70 "
5/4/2021,External Withdrawal PAYPAL INSTANT TRANSFER - INST XFER,,,($130.49),"$12,167.67 "
5/4/2021,POS  AMAZON.COM             SEATTLE      WAUS,,,($59.70),"$12,298.16 "
5/2/2021,POS  RichlandAirportMiniStor509-x3855  WAUS,,,($124.00),"$12,357.86 "
4/30/2021,Credit Interest,,,$12.27 ,"$12,481.86 "
4/30/2021,POS  AMAZON.COM             SEATTLE      WAUS,,,$172.66 ,"$12,469.59 "
4/30/2021,ATM Withdrawal GESA CREDIT UNION 4755 PARADISE WAY WU   WEST RICHLANDWAUS,,,($200.00),"$12,296.93 "
4/30/2021,POS  GEICO  *AUTO           800-841-3000 DCUS,,,($44.98),"$12,496.93 "
4/29/2021,POS  COSTCO WHSE #0486      KENNEWICK    WAUS,,,($289.45),"$12,541.91 "
4/29/2021,POS  USA Brake & Auto       Kennewick    WAUS,,,($495.06),"$12,831.36 "
4/29/2021,External Deposit WA ST EMPLOY SEC  - UI BENEFIT,,,$830.00 ,"$13,326.42 "
4/28/2021,POS  APPLE.COM/BILL         866-712-7753 CAUS,,,($1.08),"$12,496.42 "
4/27/2021,POS  AMAZON.COM             SEATTLE      WAUS,,,($167.23),"$12,497.50 "
4/26/2021,POS  CHIPOTLE 2573          KENNEWICK    WAUS,,,($26.06),"$12,664.73 "
4/25/2021,POS MAVERIK #448 3520 KEENE ROAD        RICHLAND     WAUS,,,($47.07),"$12,690.79 "
4/25/2021,POS  INCA MEXIC* INCA MEXIC x2469   WAUS,,,($20.36),"$12,737.86 "
4/24/2021,POS  FRED-MEYER #0163 FRED MKENNEWICK    WAUS,,,($80.56),"$12,758.22 "
4/23/2021,External Deposit WA ST EMPLOY SEC  - UI BENEFIT,,,$830.00 ,"$12,838.78 "
4/22/2021,ATM Withdrawal GESA CREDIT UNION 2951 DUPORTAIL STREET WRICHLAND     WAUS,,,($300.00),"$12,008.78 "
4/21/2021,POS  APPLE.COM/BILL         866-712-7753 CAUS,,,($1.08),"$12,308.78 "
4/21/2021,External Withdrawal PAYPAL INSTANT TRANSFER - INST XFER,,,($139.50),"$12,309.86 "
4/21/2021,POS  FRED-MEYER #0286 FRED MRICHLAND     WAUS,,,($153.30),"$12,449.36 "
4/20/2021,Withdrawal Transfer to x4978,,,($75.00),"$12,602.66 "
4/20/2021,External Withdrawal UAS               x8746 - EPAYMENT,,,($184.06),"$12,677.66 "
4/19/2021,POS  AMAZON.COM             SEATTLE      WAUS,,,($73.23),"$12,861.72 "
4/19/2021,POS  CHIPOTLE 2573          KENNEWICK    WAUS,,,($25.79),"$12,934.95 "
4/19/2021,External Deposit WA ST EMPLOY SEC  - UI BENEFIT,,,$830.00 ,"$12,960.74 "
4/19/2021,POS  SMOKE CITY FOR LESS    KENNEWICK    WAUS,,,($54.29),"$12,130.74 "
4/16/2021,POS  HERRES CHIROPRACTIC PLLPASCO        WAUS,,,($55.00),"$12,185.03 "
4/16/2021,POS  APPLE.COM/BILL         866-712-7753 CAUS,,,($0.99),"$12,240.03 "
4/15/2021,POS  AMAZON.COM             SEATTLE      WAUS,,,($172.66),"$12,241.02 "
4/14/2021,POS  FRED-MEYER #0286 FRED MRICHLAND     WAUS,,,($127.95),"$12,413.68 "
4/14/2021,ATM Withdrawal GESA CREDIT UNION 4755 PARADISE WAY WU   WEST RICHLANDWAUS,,,($160.00),"$12,541.63 "
4/14/2021,External Withdrawal PAYPAL INSTANT TRANSFER - INST XFER,,,($76.01),"$12,701.63 "
4/13/2021,POS  APPLE.COM/BILL         866-712-7753 CAUS,,,($2.15),"$12,777.64 "
4/13/2021,Withdrawal Hall Pmt from x0368 CK,,,($43.23),"$12,779.79 "
4/13/2021,POS  AMAZON.COM             SEATTLE      WAUS,,,($43.39),"$12,823.02 "
4/12/2021,External Withdrawal PAYPAL INSTANT TRANSFER - INST XFER,,,($5.00),"$12,866.41 "
4/9/2021,ATM Withdrawal GESA CREDIT UNION 4755 PARADISE WAY WU   WEST RICHLANDWAUS,,,($120.00),"$12,871.41 "
4/9/2021,External Deposit WA ST EMPLOY SEC  - UI BENEFIT,,,$830.00 ,"$12,991.41 "
4/8/2021,POS  COSTCO WHSE #0486      KENNEWICK    WAUS,,,($253.04),"$12,161.41 "
4/7/2021,POS  APPLE.COM/BILL         866-712-7753 CAUS,,,($1.08),"$12,414.45 "
4/3/2021,POS  FRED-MEYER #0163 FRED MKENNEWICK    WAUS,,,($67.04),"$12,415.53 "
4/2/2021,POS  HERRES CHIROPRACTIC PLLPASCO        WAUS,,,($55.00),"$12,482.57 "
4/2/2021,External Deposit WA ST EMPLOY SEC  - UI BENEFIT,,,$830.00 ,"$12,537.57 "
4/2/2021,POS  CHEVRON x1499        WEST RICHLANDWAUS,,,($48.19),"$11,707.57 "
4/2/2021,POS  RichlandAirportMiniStor509-x3855  WAUS,,,($124.00),"$11,755.76 "
4/1/2021,POS  YOKES WEST RICHLAND    W. RICHLAND  WAUS,,,($114.11),"$11,879.76 "
3/31/2021,Credit Interest,,,$7.16 ,"$11,993.87 "
3/31/2021,POS  APPLE.COM/BILL         866-712-7753 CAUS,,,($11.92),"$11,986.71 "
3/30/2021,POS  FRED-MEYER #0286 FRED MRICHLAND     WAUS,,,($122.49),"$11,998.63 "
3/30/2021,POS  GEICO  *AUTO           800-841-3000 DCUS,,,($44.98),"$12,121.12 "
3/30/2021,POS  TEXACO x5696         KENNEWICK    WAUS,,,($11.69),"$12,166.10 "
3/30/2021,External Deposit WA ST EMPLOY SEC  - UI BENEFIT,,,"$7,470.00 ","$12,177.79 "
3/29/2021,External Withdrawal PAYPAL INSTANT TRANSFER - INST XFER,,,($117.00),"$4,707.79 "
3/27/2021,POS  WW ECOMMERCE           800-221-2112 NYUS,,,($44.97),"$4,824.79 "
3/26/2021,External Withdrawal PAYPAL INSTANT TRANSFER - INST XFER,,,($117.00),"$4,869.76 "
3/24/2021,POS  APPLE.COM/BILL         866-712-7753 CAUS,,,($1.08),"$4,986.76 "
3/24/2021,POS  COSTCO WHSE #0486      KENNEWICK    WAUS,,,($169.62),"$4,987.84 "
3/23/2021,Withdrawal Hall Pmt from x0368 CK,,,($44.34),"$5,157.46 "
3/23/2021,POS  AMAZON.COM             SEATTLE      WAUS,,,($15.18),"$5,201.80 "
3/23/2021,External Withdrawal PAYPAL INSTANT TRANSFER - INST XFER,,,($43.43),"$5,216.98 "
3/22/2021,POS  AMAZON.COM             SEATTLE      WAUS,,,($42.34),"$5,260.41 "
3/22/2021,External Withdrawal UAS               x8586 - EPAYMENT,,,($184.06),"$5,302.75 "
3/22/2021,External Deposit PAYPAL TRANSFER - TRANSFER,,,$39.10 ,"$5,486.81 "
3/21/2021,POS  FRED-MEYER #0286 FRED MRICHLAND     WAUS,,,($62.71),"$5,447.71 "
3/21/2021,POS  ADVENTURES UNDERGROUND RICHLAND     WAUS,,,($43.43),"$5,510.42 "
3/21/2021,POS  HONGS MONGOLIAN        KENNEWICK    WAUS,,,($14.76),"$5,553.85 "
3/21/2021,POS  CHIPOTLE 2573          KENNEWICK    WAUS,,,($23.24),"$5,568.61 "
3/20/2021,Withdrawal Transfer to x4978,,,($75.00),"$5,591.85 "
3/20/2021,POS TARGET T-083 1106 N Columbia Cen    Kennewick    WAUS,,,($110.69),"$5,666.85 "
3/19/2021,POS  HERRES CHIROPRACTIC PLLPASCO        WAUS,,,($55.00),"$5,777.54 "
3/19/2021,External Withdrawal PAYPAL INSTANT TRANSFER - INST XFER,,,($117.00),"$5,832.54 "
3/18/2021,External Withdrawal PAYPAL INSTANT TRANSFER - INST XFER,,,($31.89),"$5,949.54 "
3/18/2021,ATM Withdrawal GESA CREDIT UNION 51 GAGE BLVD           RICHLAND     WAUS,,,($140.00),"$5,981.43 "
3/18/2021,POS  COSTCO WHSE #0486      KENNEWICK    WAUS,,,($91.12),"$6,121.43 "
3/17/2021,POS  FRED-MEYER #0286 FRED MRICHLAND     WAUS,,,($95.49),"$6,212.55 "
3/17/2021,External Withdrawal PAYPAL INSTANT TRANSFER - INST XFER,,,($10.85),"$6,308.04 "
3/17/2021,External Deposit IRS  TREAS 310  -   TAXEIP3,,,"$1,400.00 ","$6,318.89 "
3/16/2021,POS  APPLE.COM/BILL         408-974-1010 CAUS,,,($0.99),"$4,918.89 "
3/15/2021,POS  CHIPOTLE 2573          KENNEWICK    WAUS,,,($24.33),"$4,919.88 "
3/15/2021,POS  APPLE.COM/BILL         866-712-7753 CAUS,,,($33.63),"$4,944.21 "
3/14/2021,POS  TEXACO x5696         KENNEWICK    WAUS,,,($48.31),"$4,977.84 "
3/14/2021,POS  INCA MEXIC* INCA MEXIC x2469   WAUS,,,($20.36),"$5,026.15 "
3/13/2021,POS  CHIPOTLE 2573          KENNEWICK    WAUS,,,($27.31),"$5,046.51 "
3/13/2021,POS  CHIPOTLE 2573          KENNEWICK    WAUS,,,($24.33),"$5,073.82 "
3/12/2021,POS  HERRES CHIROPRACTIC PLLPASCO        WAUS,,,($55.00),"$5,098.15 "
3/12/2021,External Withdrawal PAYPAL INSTANT TRANSFER - INST XFER,,,($76.02),"$5,153.15 "
3/11/2021,External Withdrawal PAYPAL INSTANT TRANSFER - INST XFER,,,($5.00),"$5,229.17 "
3/11/2021,POS  FRED-MEYER #0286 FRED MRICHLAND     WAUS,,,($39.19),"$5,234.17 "
3/11/2021,POS  FRED-MEYER #0286 FRED MRICHLAND     WAUS,,,($10.85),"$5,273.36 "
3/10/2021,POS  COSTCO WHSE #0486      KENNEWICK    WAUS,,,($71.96),"$5,284.21 "
3/10/2021,POS  APPLE.COM/BILL         866-712-7753 CAUS,,,($2.15),"$5,356.17 "
3/9/2021,IAT Withdrawal IAT PAYPAL  x0209  LIU YI BO,,,($39.10),"$5,358.32 "
3/8/2021,POS  COSTCO WHSE #0486      KENNEWICK    WAUS,,,($37.23),"$5,397.42 "
3/8/2021,POS  GARFIELD MART          KENNEWICK    WAUS,,,($42.04),"$5,434.65 "
3/7/2021,POS  CHIPOTLE 2573          KENNEWICK    WAUS,,,($25.96),"$5,476.69 "
3/6/2021,POS  HERRES CHIROPRACTIC PLLPASCO        WAUS,,,($55.00),"$5,502.65 "
3/4/2021,POS  COSTCO WHSE #0486      KENNEWICK    WAUS,,,($146.92),"$5,557.65 "
3/4/2021,POS Wal-Mart Super C 3380 WAL-SAMS          PASCO        WAUS,,,($16.90),"$5,704.57 "
3/3/2021,POS  APPLE.COM/BILL         866-712-7753 CAUS,,,($1.08),"$5,721.47 "
3/3/2021,ATM Withdrawal GESA CREDIT UNION 4755 PARADISE WAY WU   WEST RICHLANDWAUS,,,($200.00),"$5,722.55 "
3/3/2021,POS  HERRES CHIROPRACTIC PLLPASCO        WAUS,,,($86.00),"$5,922.55 "
3/3/2021,POS  FRED-MEYER #0286 FRED MRICHLAND     WAUS,,,($43.42),"$6,008.55 "
3/3/2021,POS TARGET T-2314 2941 Queensgate Dr     Richland     WAUS,,,($32.55),"$6,051.97 "
3/2/2021,POS  FRED-MEYER #0286 FRED MRICHLAND     WAUS,,,($86.76),"$6,084.52 "
3/2/2021,External Withdrawal PAYPAL INSTANT TRANSFER - INST XFER,,,($135.00),"$6,171.28 "
3/2/2021,External Withdrawal PAYPAL INSTANT TRANSFER - INST XFER,,,($135.00),"$6,306.28 "
3/2/2021,POS  RichlandAirportMiniStor509-x3855  WAUS,,,($124.00),"$6,441.28 "
3/1/2021,External Deposit PAYPAL TRANSFER - TRANSFER,,,$23.40 ,"$6,565.28 "
3/1/2021,External Deposit TAX PRODUCTS PE1 ORIG GREEN DOT BANK - SBTPG LLC,,,"$2,010.84 ","$6,541.88 "
3/1/2021,POS  HELP.HBOMAX.COM        HTTPSHBOMAX.CNYUS,,,($16.28),"$4,524.31 "
2/28/2021,Credit Interest,,,$6.73 ,"$4,531.04 "
2/28/2021,POS  GEICO  *AUTO           800-841-3000 DCUS,,,($44.98),"$4,540.59 "
2/26/2021,POS  FRED M FUEL #916 2811 WKENNEWICK    WAUS,,,($42.19),"$4,585.57 "
2/26/2021,POS  CHIPOTLE 2573          KENNEWICK    WAUS,,,($25.96),"$4,627.76 "
2/25/2021,External Withdrawal PAYPAL INSTANT TRANSFER - INST XFER,,,($122.40),"$4,653.72 "
2/24/2021,POS  YOKES WEST RICHLAND    W. RICHLAND  WAUS,,,($7.96),"$4,776.12 "
2/24/2021,POS TARGET T-083 1106 N Columbia Cen    Kennewick    WAUS,,,($5.79),"$4,784.08 "
2/24/2021,POS  APPLE.COM/BILL         866-712-7753 CAUS,,,($1.08),"$4,789.87 "
2/23/2021,POS TARGET T-2314 2941 Queensgate Dr     Richland     WAUS,,,($221.58),"$4,790.95 "
2/23/2021,POS  FRED-MEYER #0286 FRED MRICHLAND     WAUS,,,($51.28),"$5,012.53 "
2/22/2021,External Withdrawal UAS               x8432 - EPAYMENT,,,($184.06),"$5,063.81 "
2/21/2021,POS  FRED-MEYER #0163 FRED MKENNEWICK    WAUS,,,($13.14),"$5,247.87 "
2/20/2021,Withdrawal Transfer to x4978,,,($75.00),"$5,261.01 "
2/20/2021,POS  CHIPOTLE 3601          RICHLAND     WAUS,,,($15.26),"$5,336.01 "
2/19/2021,POS  COSTCO WHSE #0486      KENNEWICK    WAUS,,,($54.02),"$5,351.27 "
2/19/2021,POS TARGET T-2314 2941 Queensgate Dr     Richland     WAUS,,,($32.51),"$5,405.29 "
2/18/2021,POS  FRED-MEYER #0286 FRED MRICHLAND     WAUS,,,($92.24),"$5,437.80 "
2/18/2021,POS  CHEVRON x1499        WEST RICHLANDWAUS,,,($41.95),"$5,530.04 "
2/18/2021,POS  INLAND IMAGING LLC     509-x7799  WAUS,,,($300.00),"$5,571.99 "
2/18/2021,POS TARGET T-2314 2941 Queensgate Dr     Richland     WAUS,,,($12.07),"$5,871.99 "
2/18/2021,ATM Withdrawal GESA CREDIT UNION 4755 PARADISE WAY WU   WEST RICHLANDWAUS,,,($40.00),"$5,884.06 "
2/16/2021,POS  APPLE.COM/BILL         866-712-7753 CAUS,,,($0.99),"$5,924.06 "
2/16/2021,POS  APPLE.COM/BILL         866-712-7753 CAUS,,,($1.08),"$5,925.05 "
2/14/2021,POS  AMZN Mktp US*1O3VM7Y53 Amzn.com/billWAUS,,,($42.81),"$5,926.13 "
2/14/2021,POS  AMZN Mktp US*FP3F60LL3 Amzn.com/billWAUS,,,($20.58),"$5,968.94 "
2/13/2021,Withdrawal Hall Pmt from x0368 CK,,,($41.38),"$5,989.52 "
2/11/2021,POS  FRED-MEYER #0286 FRED MRICHLAND     WAUS,,,($171.61),"$6,030.90 "
2/11/2021,ATM Withdrawal GESA CREDIT UNION 4755 PARADISE WAY WU   WEST RICHLANDWAUS,,,($200.00),"$6,202.51 "
2/11/2021,External Withdrawal PAYPAL INSTANT TRANSFER - INST XFER,,,($5.00),"$6,402.51 "
2/11/2021,POS  MCDONALD'S F6556       RICHLAND     WAUS,,,($9.32),"$6,407.51 "
2/10/2021,POS  FRED-MEYER #0286 FRED MRICHLAND     WAUS,,,($31.46),"$6,416.83 "
2/10/2021,POS  APPLE.COM/BILL         866-712-7753 CAUS,,,($1.08),"$6,448.29 "
2/9/2021,POS  AMZN Mktp US*257NF72G3 Amzn.com/billWAUS,,,($39.94),"$6,449.37 "
2/9/2021,POS TARGET T-2314 2941 Queensgate Dr     Richland     WAUS,,,($49.89),"$6,489.31 "
2/9/2021,POS  FRED-MEYER #0286 FRED MRICHLAND     WAUS,,,($150.12),"$6,539.20 "
2/9/2021,POS  HONGS MONGOLIAN        KENNEWICK    WAUS,,,($28.52),"$6,689.32 "
2/8/2021,External Withdrawal PAYPAL INSTANT TRANSFER - INST XFER,,,($23.77),"$6,717.84 "
2/7/2021,POS  FRED M FUEL #916 2811 WKENNEWICK    WAUS,,,($32.91),"$6,741.61 "
2/5/2021,POS  CHIPOTLE 2573          KENNEWICK    WAUS,,,($22.70),"$6,774.52 "
2/4/2021,External Withdrawal PAYPAL INSTANT TRANSFER - INST XFER,,,($119.45),"$6,797.22 "
2/4/2021,External Withdrawal PAYPAL INSTANT TRANSFER - INST XFER,,,($162.90),"$6,916.67 "
2/4/2021,POS TARGET T-083 1106 N Columbia Cen    Kennewick    WAUS,,,($49.13),"$7,079.57 "
2/4/2021,ATM Withdrawal GESA CREDIT UNION 4755 PARADISE WAY WU   WEST RICHLANDWAUS,,,($140.00),"$7,128.70 "
2/3/2021,POS  APPLE.COM/BILL         866-712-7753 CAUS,,,($1.08),"$7,268.70 "
2/2/2021,External Withdrawal PAYPAL INSTANT TRANSFER - INST XFER,,,($39.73),"$7,269.78 "
2/2/2021,External Withdrawal PAYPAL INSTANT TRANSFER - INST XFER,,,($92.69),"$7,309.51 "
2/2/2021,POS  RichlandAirportMiniStor509-x3855  WAUS,,,($124.00),"$7,402.20 "
2/1/2021,POS  COSTCO WHSE #0486      KENNEWICK    WAUS,,,($103.57),"$7,526.20 "
2/1/2021,POS  Amazon.com*3N3P97583   Amzn.com/billWAUS,,,($78.15),"$7,629.77 "
1/31/2021,Credit Interest,,,$10.49 ,"$7,707.92 "
1/31/2021,POS  AMZN Mktp US*5O4CP15J3 Amzn.com/billWAUS,,,($37.96),"$7,697.43 "
1/30/2021,ATM Withdrawal GESA CREDIT UNION 4755 PARADISE WAY WU   WEST RICHLANDWAUS,,,($80.00),"$7,735.39 "
1/30/2021,POS  GEICO  *AUTO           800-841-3000 DCUS,,,($44.96),"$7,815.39 "
1/30/2021,POS  GARFIELD MART          KENNEWICK    WAUS,,,($30.75),"$7,860.35 "
1/29/2021,POS  HELP.HBOMAX.COM        HTTPSHBOMAX.CNYUS,,,($16.28),"$7,891.10 "
1/27/2021,Withdrawal Hall Pmt from x0368 CK,,,($81.36),"$7,907.38 "
1/27/2021,POS  Amazon Prime*QP49F19W3 Amzn.com/billWAUS,,,($14.11),"$7,988.74 "
1/27/2021,POS  7902 Great Clips at AlbRICHLAND     WAUS,,,($29.00),"$8,002.85 "
1/27/2021,POS  APPLE.COM/BILL         408-974-1010 CAUS,,,($1.08),"$8,031.85 "
1/26/2021,POS  FRED-MEYER #0286 FRED MRICHLAND     WAUS,,,($206.55),"$8,032.93 "
1/24/2021,Withdrawal Hall Pmt from x0368 CK,,,($33.48),"$8,239.48 "
1/23/2021,POS  COSTCO WHSE #0486      KENNEWICK    WAUS,,,($192.85),"$8,272.96 "
1/23/2021,POS  Amazon.com*YR2ND7183   Amzn.com/billWAUS,,,($52.10),"$8,465.81 "
1/22/2021,POS  SP * FLIPSIDE GAMING   HTTPSWWW.FLIPNYUS,,,($69.99),"$8,517.91 "
1/21/2021,POS WM SUPERCENTER # Wal-Mart Super Cent    RICHLAND     WAUS,,,($11.71),"$8,587.90 "
1/21/2021,ATM Withdrawal GESA CREDIT UNION 4755 PARADISE WAY WU   WEST RICHLANDWAUS,,,($140.00),"$8,599.61 "
1/20/2021,Withdrawal Transfer to x4978,,,($75.00),"$8,739.61 "
1/20/2021,POS  APPLE.COM/BILL         866-712-7753 CAUS,,,($1.08),"$8,814.61 "
1/20/2021,External Withdrawal UAS               x8264 - EPAYMENT,,,($184.06),"$8,815.69 "
1/19/2021,POS  SQ *INTEGRATIVE FAMILY Richland     WAUS,,,($413.00),"$8,999.75 "
1/19/2021,External Withdrawal PAYPAL INSTANT TRANSFER - INST XFER,,,($154.76),"$9,412.75 "
1/16/2021,POS  FRED-MEYER #0163       KENNEWICK    WAUS,,,($40.38),"$9,567.51 "
1/16/2021,POS  APPLE.COM/BILL         866-712-7753 CAUS,,,($0.99),"$9,607.89 "
1/15/2021,POS  FRED-MEYER #0163 FRED MKENNEWICK    WAUS,,,($155.70),"$9,608.88 "
1/15/2021,External Deposit INTERA  - PAYROLL,,,"$1,912.74 ","$9,764.58 "
1/13/2021,POS  FRED-MEYER #0286 FRED MRICHLAND     WAUS,,,($81.84),"$7,851.84 "
1/13/2021,POS  SUNDANCE SPA           RICHLAND     WAUS,,,($72.00),"$7,933.68 "
1/11/2021,POS  YOKES WEST RICHLAND    W. RICHLAND  WAUS,,,($36.90),"$8,005.68 "
1/11/2021,External Withdrawal PAYPAL INSTANT TRANSFER - INST XFER,,,($5.00),"$8,042.58 "
1/11/2021,External Deposit PAYPAL TRANSFER - TRANSFER,,,$92.31 ,"$8,047.58 "
1/9/2021,POS  APPLE.COM/BILL         866-712-7753 CAUS,,,($1.08),"$7,955.27 "
1/9/2021,ATM Withdrawal GESA CREDIT UNION 4755 PARADISE WAY WU   WEST RICHLANDWAUS,,,($120.00),"$7,956.35 "
1/8/2021,External Deposit WEB - STI1PST8959M213 x7418 - XXTAXEIP2  GOV PAYMENT  REF:1PST8959M x5213,,,$600.00 ,"$8,076.35 "
1/8/2021,POS  WA VEHICLE LICENSING   360-902-7470 WAUS,,,($75.45),"$7,476.35 "
1/6/2021,POS CIRCLE K x6048 1900 N. STEPTOE ST     KENNEWICK    WAUS,,,($36.18),"$7,551.80 "
1/6/2021,POS  FRED-MEYER #0163 FRED MKENNEWICK    WAUS,,,($74.71),"$7,587.98 "
1/6/2021,POS  APPLE.COM/BILL         866-712-7753 CAUS,,,($1.08),"$7,662.69 "
1/5/2021,POS  YOKE'S FRESH MARKET #16RICHLAND     WAUS,,,($39.68),"$7,663.77 "
1/5/2021,POS  AMZN Mktp US*IK7RL3CG3 Amzn.com/billWAUS,,,($43.39),"$7,703.45 "
1/4/2021,External Withdrawal PAYPAL INSTANT TRANSFER - INST XFER,,,($233.49),"$7,746.84 "
1/4/2021,External Withdrawal PAYPAL INSTANT TRANSFER - INST XFER,,,($92.31),"$7,980.33 "
1/3/2021,POS  FRED-MEYER #0286 FRED MRICHLAND     WAUS,,,($168.36),"$8,072.64 "
1/3/2021,POS  RichlandAirportMiniStor509-x3855  WAUS,,,($124.00),"$8,241.00 "
12/31/2020,ATM Service Charge Rebate,,,$6.00 ,"$8,365.00 "
12/31/2020,Credit Interest,,,$10.69 ,"$8,359.00 "
12/31/2020,External Deposit INTERA  - PAYROLL,,,"$1,736.29 ","$8,348.31 "
12/30/2020,ATM Withdrawal GESA CREDIT UNION 4755 PARADISE WAY WU   WEST RICHLANDWAUS,,,($200.00),"$6,612.02 "
12/30/2020,POS  APPLE.COM/BILL         866-712-7753 CAUS,,,($1.08),"$6,812.02 "
12/30/2020,POS  GEICO  *AUTO           800-841-3000 DCUS,,,($48.29),"$6,813.10 "
12/29/2020,POS  HELP.HBOMAX.COM        HTTPSHBOMAX.CNYUS,,,($16.28),"$6,861.39 "
12/27/2020,POS  Amazon Prime*D82P51BR3 Amzn.com/billWAUS,,,($14.11),"$6,877.67 "
12/26/2020,POS  YOKES WEST RICHLAND    W. RICHLAND  WAUS,,,($55.81),"$6,891.78 "
12/24/2020,POS MARSHALLS #1217 2921 QUEENSGATE DR     RICHLAND     WAUS,,,($36.95),"$6,947.59 "
12/24/2020,POS TARGET T-2314 2941 Queensgate Dr     Richland     WAUS,,,($243.42),"$6,984.54 "
12/23/2020,POS  COSTCO WHSE #0486      KENNEWICK    WAUS,,,($380.77),"$7,227.96 "
12/23/2020,POS  APPLE.COM/BILL         866-712-7753 CAUS,,,($1.08),"$7,608.73 "
12/23/2020,ATM Withdrawal ATMG DGA West R 4000 Kennedy Rd        West RichlandWAUS,,,($123.00),"$7,609.81 "
12/22/2020,ATM Withdrawal GESA CREDIT UNION 100 N HUNTINGTON STREETKENNEWICK    WAUS,,,($500.00),"$7,732.81 "
12/22/2020,External Withdrawal UAS               x8108 - EPAYMENT,,,($184.06),"$8,232.81 "
12/20/2020,Withdrawal Transfer to x4978,,,($75.00),"$8,416.87 "
12/18/2020,External Deposit INTERA  - PAYROLL,,,"$1,727.91 ","$8,491.87 "
12/17/2020,External Deposit PAYPAL TRANSFER - TRANSFER,,,$100.00 ,"$6,763.96 "
12/17/2020,POS MAVERIK #448 3520 KEENE ROAD        RICHLAND     WAUS,,,($37.54),"$6,663.96 "
12/17/2020,ATM Withdrawal GESA CREDIT UNION 4755 PARADISE WAY WU   WEST RICHLANDWAUS,,,($200.00),"$6,701.50 "
12/16/2020,POS  APPLE.COM/BILL         866-712-7753 CAUS,,,($0.99),"$6,901.50 "
12/16/2020,POS  APPLE.COM/BILL         866-712-7753 CAUS,,,($1.08),"$6,902.49 "
12/15/2020,POS  FRED-MEYER #0286 FRED MRICHLAND     WAUS,,,($158.28),"$6,903.57 "
12/15/2020,POS  LES SCHWAB TIRES 837 STRichland     WAUS,,,($345.65),"$7,061.85 "
12/14/2020,External Withdrawal PAYPAL INSTANT TRANSFER - INST XFER,,,($174.85),"$7,407.50 "
12/12/2020,POS  FRED-MEYER #0286 FRED MRICHLAND     WAUS,,,($81.99),"$7,582.35 "
12/12/2020,POS  CINCO DE MAYO FAMILY REKENNEWICK    WAUS,,,($40.88),"$7,664.34 "
12/11/2020,POS  FRED-MEYER #0163 FRED MKENNEWICK    WAUS,,,($150.00),"$7,705.22 "
12/11/2020,POS  FRED-MEYER #0163 FRED MKENNEWICK    WAUS,,,($105.90),"$7,855.22 "
12/11/2020,External Withdrawal PAYPAL INSTANT TRANSFER - INST XFER,,,($5.00),"$7,961.12 "
12/11/2020,External Withdrawal PAYPAL INSTANT TRANSFER - INST XFER,,,($54.25),"$7,966.12 "
12/11/2020,External Withdrawal PAYPAL INSTANT TRANSFER - INST XFER,,,($100.00),"$8,020.37 "
12/10/2020,ATM Withdrawal ATMG DGA West R 4000 Kennedy Rd        West RichlandWAUS,,,($123.00),"$8,120.37 "
12/9/2020,POS  APPLE.COM/BILL         866-712-7753 CAUS,,,($1.08),"$8,243.37 "
12/9/2020,POS  PAYPAL *WALMART COM    402-935-7733 CAUS,,,$100.00 ,"$8,244.45 "
12/9/2020,POS  SP * FLIPSIDE GAMING   HTTPSWWW.FLIPNYUS,,,($125.99),"$8,144.45 "
12/9/2020,POS  YOKES WEST RICHLAND    W. RICHLAND  WAUS,,,($48.63),"$8,270.44 "
12/9/2020,POS  PAYPAL *WALMART COM    402-935-7733 CAUS,,,($100.00),"$8,319.07 "
12/9/2020,POS MARSHALLS #1217 2921 QUEENSGATE DR     RICHLAND     WAUS,,,($20.33),"$8,419.07 "
12/8/2020,External Withdrawal PAYPAL INSTANT TRANSFER - INST XFER,,,($258.46),"$8,439.40 "
12/8/2020,IAT Withdrawal IAT PAYPAL  x6612  CJTURNE5366,,,($9.73),"$8,697.86 "
12/8/2020,IAT Withdrawal IAT PAYPAL  x9212  EN HUNG CHONG,,,($3.00),"$8,707.59 "
12/8/2020,IAT Withdrawal IAT PAYPAL  x8944  PAYATCG,,,($5.20),"$8,710.59 "
12/8/2020,External Withdrawal PAYPAL INSTANT TRANSFER - INST XFER,,,($2.33),"$8,715.79 "
12/8/2020,External Withdrawal PAYPAL INSTANT TRANSFER - INST XFER,,,($2.47),"$8,718.12 "
12/8/2020,External Withdrawal PAYPAL INSTANT TRANSFER - INST XFER,,,($3.26),"$8,720.59 "
12/8/2020,External Withdrawal PAYPAL INSTANT TRANSFER - INST XFER,,,($2.32),"$8,723.85 "
12/8/2020,External Withdrawal PAYPAL INSTANT TRANSFER - INST XFER,,,($1.36),"$8,726.17 "
12/7/2020,POS TARGET T-2314 2941 Queensgate Dr     Richland     WAUS,,,($38.00),"$8,727.53 "
12/6/2020,POS  FRED-MEYER #0163       KENNEWICK    WAUS,,,($42.36),"$8,765.53 "
12/5/2020,POS  YOKES FRESH MARKET     KENNEWICK    WAUS,,,($69.83),"$8,807.89 "
12/5/2020,POS TARGET T-083 1106 N Columbia Cen    Kennewick    WAUS,,,($43.42),"$8,877.72 "
12/5/2020,POS TARGET T-083 1106 N Columbia Cen    Kennewick    WAUS,,,($70.52),"$8,921.14 "
12/4/2020,POS MAVERIK #448 3520 KEENE ROAD        RICHLAND     WAUS,,,($38.77),"$8,991.66 "
12/4/2020,External Deposit INTERA  - PAYROLL,,,"$1,727.93 ","$9,030.43 "
12/3/2020,POS  ADVENTURES UNDERGROUND RICHLAND     WAUS,,,($78.16),"$7,302.50 "
12/3/2020,External Withdrawal PAYPAL INSTANT TRANSFER - INST XFER,,,($157.17),"$7,380.66 "
12/3/2020,External Withdrawal PAYPAL INSTANT TRANSFER - INST XFER,,,($65.16),"$7,537.83 "
12/3/2020,External Withdrawal PAYPAL INSTANT TRANSFER - INST XFER,,,($33.61),"$7,602.99 "
12/3/2020,External Withdrawal PAYPAL INSTANT TRANSFER - INST XFER,,,($31.82),"$7,636.60 "
12/3/2020,External Withdrawal PAYPAL INSTANT TRANSFER - INST XFER,,,($32.92),"$7,668.42 "
12/2/2020,POS  APPLE.COM/BILL         866-712-7753 CAUS,,,($1.08),"$7,701.34 "
12/2/2020,POS  RichlandAirportMiniStor509-x3855  WAUS,,,($124.00),"$7,702.42 "
12/1/2020,POS  COSTCO WHSE #0486      KENNEWICK    WAUS,,,($132.55),"$7,826.42 "
12/1/2020,POS TARGET T-2314 2941 Queensgate Dr     Richland     WAUS,,,($119.43),"$7,958.97 "
12/1/2020,POS  AMZN Mktp US*X06YV6SZ3 Amzn.com/billWAUS,,,($43.21),"$8,078.40 "
11/30/2020,Credit Interest,,,$12.86 ,"$8,121.61 "
11/30/2020,POS  GEICO  *AUTO           800-841-3000 DCUS,,,($48.30),"$8,108.75 "
11/30/2020,POS  PAYPAL *WALMART COM    402-935-7733 CAUS,,,($50.00),"$8,157.05 "
11/30/2020,External Withdrawal PAYPAL INSTANT TRANSFER - INST XFER,,,($91.88),"$8,207.05 "
11/29/2020,POS WM SUPERCENTER # Wal-Mart Super Cent    KENNEWICK    WAUS,,,($55.24),"$8,298.93 "
11/29/2020,POS  GAMESTOP #1152 1321 N CKENNEWICK    WAUS,,,($46.62),"$8,354.17 "
11/29/2020,POS  HELP.HBOMAX.COM        HTTPSHBOMAX.CNYUS,,,($16.28),"$8,400.79 "
11/29/2020,POS CIRCLE K x6049 6006 CLEARWATER AVE    KENNEWICK    WAUS,,,($30.22),"$8,417.07 "
11/29/2020,ATM Withdrawal GESA CREDIT UNION 100 N HUNTINGTON STREETKENNEWICK    WAUS,,,($200.00),"$8,447.29 "
11/28/2020,POS WAL-MART #1876 2700 WASCO AVE         HOOD RIVER   ORUS,,,($16.90),"$8,647.29 "
11/28/2020,POS  FRED-MEYER #0185 FRED MLONGVIEW     WAUS,,,($279.82),"$8,664.19 "
11/28/2020,POS MARITIME FUEL 2 1701 MARINE DRIVE      ASTORIA      ORUS,,,($17.35),"$8,944.01 "
11/28/2020,POS JOES MOBIL 1701 MARINE DR         ASTORIA      ORUS,,,($11.15),"$8,961.36 "
11/28/2020,POS  AMAZON.COM*1U0BP7KY3 AMAMZN.COM/BILLWAUS,,,($38.00),"$8,972.51 "
11/27/2020,POS  Amazon Prime*MV0QA8793 Amzn.com/billWAUS,,,($14.11),"$9,010.51 "
11/27/2020,POS  LOVES TRAVEL Sx4499 TROUTDALE    ORUS,,,($23.00),"$9,024.62 "
11/27/2020,POS  CHENS RESTAURANT       LONG BEACH   WAUS,,,($42.20),"$9,047.62 "
11/25/2020,POS  LOVES TRAVEL S         TROUTDALE    ORUS,,,($10.07),"$9,089.82 "
11/25/2020,POS  AMZN Mktp US*8G3IW6RU3 Amzn.com/billWAUS,,,($15.19),"$9,099.89 "
11/25/2020,POS  APPLE.COM/BILL         866-712-7753 CAUS,,,($1.08),"$9,115.08 "
11/25/2020,POS  AMZN Mktp US*1241S5SQ3 Amzn.com/billWAUS,,,($20.53),"$9,116.16 "
11/25/2020,POS  SMOKE CITY FOR LESS    RICHLAND     WAUS,,,($141.16),"$9,136.69 "
11/24/2020,POS  YOKES WEST RICHLAND    W. RICHLAND  WAUS,,,($52.77),"$9,277.85 "
11/23/2020,External Withdrawal PAYPAL INSTANT TRANSFER - INST XFER,,,($119.45),"$9,330.62 "
11/23/2020,External Withdrawal PAYPAL INSTANT TRANSFER - INST XFER,,,($86.87),"$9,450.07 "
11/23/2020,External Withdrawal PAYPAL INSTANT TRANSFER - INST XFER,,,($49.93),"$9,536.94 "
11/22/2020,POS WM SUPERCENTER # Wal-Mart Super Cent    KENNEWICK    WAUS,,,($67.92),"$9,586.87 "
11/21/2020,POS  TJ MAXX #805           KENNEWICK    WAUS,,,($12.37),"$9,654.79 "
11/21/2020,POS  AMZN Mktp US*G10IR4AD3 Amzn.com/billWAUS,,,($103.58),"$9,667.16 "
11/20/2020,Withdrawal Transfer to x4978,,,($75.00),"$9,770.74 "
11/20/2020,POS TARGET T-083 1106 N Columbia Cen    Kennewick    WAUS,,,($284.20),"$9,845.74 "
11/20/2020,POS TARGET T-083 1106 N Columbia Cen    Kennewick    WAUS,,,$43.42 ,"$10,129.94 "
11/20/2020,POS CIRCLE K x6034 7707 W. DESCHUTES      KENNEWICK    WAUS,,,($38.91),"$10,086.52 "
11/20/2020,External Withdrawal UAS               x7942 - EPAYMENT,,,($184.06),"$10,125.43 "
11/20/2020,External Deposit INTERA  - PAYROLL,,,"$1,727.91 ","$10,309.49 "
11/19/2020,POS WM SUPERCENTER # Wal-Mart Super Cent    RICHLAND     WAUS,,,($146.83),"$8,581.58 "
11/19/2020,POS  GAMESTOP #6767 2729 QUERICHLAND     WAUS,,,($35.79),"$8,728.41 "
11/19/2020,POS TARGET T-2314 2941 Queensgate Dr     Richland     WAUS,,,($90.94),"$8,764.20 "
11/19/2020,External Withdrawal PAYPAL INSTANT TRANSFER - INST XFER,,,($23.33),"$8,855.14 "
11/19/2020,External Withdrawal PAYPAL INSTANT TRANSFER - INST XFER,,,($10.73),"$8,878.47 "
11/19/2020,External Withdrawal PAYPAL INSTANT TRANSFER - INST XFER,,,($16.49),"$8,889.20 "
11/18/2020,POS  AMZN Mktp US*NW9EN9O23 Amzn.com/billWAUS,,,($22.80),"$8,905.69 "
11/18/2020,External Withdrawal PAYPAL INSTANT TRANSFER - INST XFER,,,($235.66),"$8,928.49 "
11/18/2020,POS TARGET T-2314 2941 Queensgate Dr     Richland     WAUS,,,($368.72),"$9,164.15 "
11/18/2020,ATM Withdrawal GESA CREDIT UNION 4755 PARADISE WAY WU   WEST RICHLANDWAUS,,,($500.00),"$9,532.87 "
11/16/2020,POS  ADVENTURES UNDERGROUND RICHLAND     WAUS,,,($362.31),"$10,032.87 "
11/16/2020,POS  FRED-MEYER #0286 FRED MRICHLAND     WAUS,,,($6.00),"$10,395.18 "
11/16/2020,POS  FRED-MEYER #0286 FRED MRICHLAND     WAUS,,,($2.05),"$10,401.18 "
11/16/2020,POS  FRED-MEYER #0286 FRED MRICHLAND     WAUS,,,($155.07),"$10,403.23 "
11/16/2020,POS  APPLE.COM/BILL         866-712-7753 CAUS,,,($0.99),"$10,558.30 "
11/16/2020,POS  APPLE.COM/BILL         866-712-7753 CAUS,,,($1.08),"$10,559.29 "
11/15/2020,POS  GAMESTOP #5600 4008 W 2KENNEWICK    WAUS,,,($108.50),"$10,560.37 "
11/15/2020,POS  FRED-MEYER #0163 FRED MKENNEWICK    WAUS,,,($14.83),"$10,668.87 "
11/15/2020,POS  WALMART.COM AY         800-966-6546 ARUS,,,($50.00),"$10,683.70 "
11/14/2020,POS  GAMESTOP #5600 4008 W 2KENNEWICK    WAUS,,,($93.36),"$10,733.70 "
11/12/2020,POS  YOKES WEST RICHLAND    W. RICHLAND  WAUS,,,($517.36),"$10,827.06 "
11/12/2020,External Withdrawal PAYPAL INSTANT TRANSFER - INST XFER,,,($5.00),"$11,344.42 "
11/12/2020,POS  APPLE.COM/BILL         866-712-7753 CAUS,,,($1.08),"$11,349.42 "
11/9/2020,POS  FRED-MEYER #0286 FRED MRICHLAND     WAUS,,,($124.96),"$11,350.50 "
11/9/2020,POS  ADVENTURES UNDERGROUND RICHLAND     WAUS,,,($295.33),"$11,475.46 "
11/8/2020,POS  CHEVRON x1499        WEST RICHLANDWAUS,,,($40.05),"$11,770.79 "
11/6/2020,POS  GAMESTOP #1152 1321 N CKENNEWICK    WAUS,,,($32.55),"$11,810.84 "
11/6/2020,POS  COSTCO WHSE #0486      KENNEWICK    WAUS,,,($209.65),"$11,843.39 "
11/6/2020,External Deposit INTERA  - PAYROLL,,,"$1,727.92 ","$12,053.04 "
11/5/2020,POS  FRED-MEYER #0163 FRED MKENNEWICK    WAUS,,,($85.07),"$10,325.12 "
11/5/2020,POS  FRED-MEYER #0163 FRED MKENNEWICK    WAUS,,,($59.71),"$10,410.19 "
11/5/2020,POS  HONGS MONGOLIAN        KENNEWICK    WAUS,,,($26.43),"$10,469.90 "
11/4/2020,POS  SQ *INTEGRATIVE FAMILY Richland     WAUS,,,($172.36),"$10,496.33 "
11/4/2020,POS  4508 Kia Ora Fitness   Kennewick    WAUS,,,($162.85),"$10,668.69 "
11/4/2020,POS TARGET T-083 1106 N Columbia Cen    Kennewick    WAUS,,,($130.18),"$10,831.54 "
11/4/2020,POS TARGET T-2314 2941 Queensgate Dr     Richland     WAUS,,,($104.19),"$10,961.72 "
11/4/2020,External Withdrawal PAYPAL INSTANT TRANSFER - INST XFER,,,($21.72),"$11,065.91 "
11/4/2020,POS  APPLE.COM/BILL         866-712-7753 CAUS,,,($1.08),"$11,087.63 "
11/3/2020,POS  CINCO DE MAYO FAMILY REKENNEWICK    WAUS,,,($42.00),"$11,088.71 "
11/2/2020,POS  RichlandAirportMiniStor509-x3855  WAUS,,,($124.00),"$11,130.71 "
11/1/2020,POS  TJ MAXX #805 1220 N COLKENNEWICK    WAUS,,,($28.27),"$11,254.71 "
11/1/2020,POS TARGET T-083 1106 N Columbia Cen    Kennewick    WAUS,,,($166.06),"$11,282.98 "
11/1/2020,POS WAL-MART #2101 2720 SO. QUILLIAN S    KENNEWICK    WAUS,,,($105.25),"$11,449.04 "
11/1/2020,POS  WALMART.COM AT         800-966-6546 ARUS,,,($100.00),"$11,554.29 "
10/31/2020,Credit Interest,,,$13.89 ,"$11,654.29 "
10/30/2020,POS  GEICO  *AUTO           800-841-3000 DCUS,,,($48.30),"$11,640.40 "
10/30/2020,POS  BEST BUY      x5900 KENNEWICK    WAUS,,,$179.16 ,"$11,688.70 "
10/30/2020,POS  TJ MAXX #805 1220 N COLKENNEWICK    WAUS,,,($36.41),"$11,509.54 "
10/29/2020,ATM Withdrawal GESA CREDIT UNION 4755 PARADISE WAY WU   WEST RICHLANDWAUS,,,($500.00),"$11,545.95 "
10/29/2020,POS  HELP.HBOMAX.COM        HTTPSHBOMAX.CNYUS,,,($16.28),"$12,045.95 "
10/28/2020,POS  APPLE.COM/BILL         866-712-7753 CAUS,,,($1.08),"$12,062.23 "
10/27/2020,POS  Amazon Prime*2T4G52Y61 Amzn.com/billWAUS,,,($14.11),"$12,063.31 "
10/27/2020,POS  Amazon Digit*2T3CM1U30 amzn.com/billWAUS,,,($7.59),"$12,077.42 "
10/26/2020,ATM Withdrawal GESA CREDIT UNION 4755 PARADISE WAY WU   WEST RICHLANDWAUS,,,($200.00),"$12,085.01 "
10/26/2020,External Withdrawal PAYPAL INSTANT TRANSFER - INST XFER,,,($62.94),"$12,285.01 "
10/25/2020,POS FRED-MEYER #0163 FRED MEYER 163         KENNEWICK    WAUS,,,($48.80),"$12,347.95 "
10/25/2020,POS FRED-MEYER #0163 FRED MEYER 163         KENNEWICK    WAUS,,,($6.51),"$12,396.75 "
10/25/2020,POS Wal-Mart Super C 2101 WAL-SAMS          KENNEWICK    WAUS,,,($169.24),"$12,403.26 "
10/24/2020,POS CIRCLE K x6034 7707 W. DESCHUTES      KENNEWICK    WAUS,,,($39.59),"$12,572.50 "
10/24/2020,POS  COSTCO WHSE #0486      KENNEWICK    WAUS,,,($195.49),"$12,612.09 "
10/24/2020,POS  SQ *INTEGRATIVE FAM    RICHLAND     WAUS,,,($10.00),"$12,807.58 "
10/23/2020,External Deposit INTERA  - PAYROLL,,,"$1,727.91 ","$12,817.58 "
10/22/2020,POS  YOKE'S FRESH MARKET #16RICHLAND     WAUS,,,($53.84),"$11,089.67 "
10/22/2020,POS  COSTCO WHSE #0486      KENNEWICK    WAUS,,,($387.44),"$11,143.51 "
10/22/2020,POS BEST BUY 6809 WEST CANAL DRI    KENNEWICK    WAUS,,,($179.16),"$11,530.95 "
10/22/2020,External Withdrawal WEB - UAS  - x6227  NM103*EUAS DEBIT-     x3162\,,,($184.06),"$11,710.11 "
10/21/2020,POS  APPLE.COM/BILL         866-712-7753 CAUS,,,($1.08),"$11,894.17 "
10/20/2020,Withdrawal Transfer to x4978,,,($75.00),"$11,895.25 "
10/19/2020,ATM Withdrawal GESA CREDIT UNION 2951 DUPORTAIL STREET WRICHLAND     WAUS,,,($200.00),"$11,970.25 "
10/19/2020,POS  HONGS MONGOLIAN        KENNEWICK    WAUS,,,($27.43),"$12,170.25 "
10/18/2020,ATM Withdrawal GESA CREDIT UNION 100 N HUNTINGTON STREETKENNEWICK    WAUS,,,($400.00),"$12,197.68 "
10/18/2020,Withdrawal Hall Pmt from x0368 CK,,,($233.13),"$12,597.68 "
10/18/2020,POS  Amazon Digit*2T9D09LY2 amzn.com/billWAUS,,,($6.51),"$12,830.81 "
10/17/2020,POS  Prime Video*2T7WW3F22  888-802-3080 WAUS,,,($8.68),"$12,837.32 "
10/17/2020,POS FRED-MEYER #0163 FRED MEYER 163         KENNEWICK    WAUS,,,($53.39),"$12,846.00 "
10/16/2020,POS  APPLE.COM/BILL         408-974-1010 CAUS,,,($0.99),"$12,899.39 "
10/16/2020,POS  CINCO DE MAYO FAMILY REKENNEWICK    WAUS,,,($40.00),"$12,900.38 "
10/15/2020,POS  Prime Video*2T0FY0L71  888-802-3080 WAUS,,,($35.83),"$12,940.38 "
10/15/2020,POS  Prime Video*MK4OS6I22  888-802-3080 WAUS,,,($33.66),"$12,976.21 "
10/15/2020,POS  Prime Video*MK7FB1II0  888-802-3080 WAUS,,,($34.74),"$13,009.87 "
10/14/2020,POS  APPLE.COM/BILL         408-974-1010 CAUS,,,($1.08),"$13,044.61 "
10/13/2020,External Withdrawal PAYPAL INSTANT TRANSFER - INST XFER,,,($19.01),"$13,045.69 "
10/13/2020,External Withdrawal PAYPAL INSTANT TRANSFER - INST XFER,,,($5.00),"$13,064.70 "
10/13/2020,POS  AMZN Mktp US*MK2DI7IN1 Amzn.com/billWAUS,,,($33.63),"$13,069.70 "
10/11/2020,POS FRED-MEYER #0163 FRED MEYER 163         KENNEWICK    WAUS,,,($72.54),"$13,103.33 "
10/10/2020,POS  CHIPOTLE 2573          KENNEWICK    WAUS,,,($21.50),"$13,175.87 "
10/10/2020,POS  SMOKE CITY FOR LESS    KENNEWICK    WAUS,,,($34.20),"$13,197.37 "
10/9/2020,POS MAVERIK #448 3520 KEENE ROAD        RICHLAND     WAUS,,,($37.64),"$13,231.57 "
10/9/2020,POS  YOKE'S FRESH MARKET #16RICHLAND     WAUS,,,($46.54),"$13,269.21 "
10/9/2020,External Deposit INTERA  - PAYROLL,,,"$1,701.83 ","$13,315.75 "
10/8/2020,External Withdrawal PAYPAL INSTANT TRANSFER - INST XFER,,,($43.43),"$11,613.92 "
10/7/2020,POS  7902 Great Clips at AlbRICHLAND     WAUS,,,($29.00),"$11,657.35 "
10/7/2020,POS  HONGS MONGOLIAN        KENNEWICK    WAUS,,,($14.76),"$11,686.35 "
10/7/2020,POS  MISTER CAR WASH #575   KENNEWICK    WAUS,,,($8.00),"$11,701.11 "
10/7/2020,ATM Withdrawal GESA CREDIT UNION 4755 PARADISE WAY WU   WEST RICHLANDWAUS,,,($200.00),"$11,709.11 "
10/5/2020,POS  COSTCO WHSE #0486      KENNEWICK    WAUS,,,($244.07),"$11,909.11 "
10/5/2020,POS  APPLE.COM/BILL         866-712-7753 CAUS,,,($1.08),"$12,153.18 "
10/5/2020,POS  APPLE.COM/BILL         866-712-7753 CAUS,,,($108.59),"$12,154.26 "
10/3/2020,POS  DIAGNOS-TECHS INC      425-x0596  WAUS,,,($125.00),"$12,262.85 "
10/2/2020,POS  CHIPOTLE 2573          KENNEWICK    WAUS,,,($19.87),"$12,387.85 "
10/2/2020,POS  RichlandAirportMiniStor509-x3855  WAUS,,,($122.00),"$12,407.72 "
9/30/2020,Credit Interest,,,$13.44 ,"$12,529.72 "
9/30/2020,POS  GEICO  *AUTO           800-841-3000 DCUS,,,($48.30),"$12,516.28 "
9/30/2020,POS  APPLE.COM/BILL         866-712-7753 CAUS,,,($1.08),"$12,564.58 "
9/29/2020,POS  YOKES WEST RICHLAND    W. RICHLAND  WAUS,,,($61.59),"$12,565.66 "
9/29/2020,POS  HELP.HBOMAX.COM        HTTPSHBOMAX.CNYUS,,,($16.28),"$12,627.25 "
9/27/2020,POS  Amazon Prime*M49DA1772 Amzn.com/billWAUS,,,($14.11),"$12,643.53 "
9/27/2020,POS  HONGS MONGOLIAN        KENNEWICK    WAUS,,,($26.00),"$12,657.64 "
9/25/2020,External Deposit INTERA  - PAYROLL,,,"$1,695.35 ","$12,683.64 "
9/23/2020,POS  APPLE.COM/BILL         800-275-2273 CAUS,,,($27.11),"$10,988.29 "
9/23/2020,POS  YOKE'S FRESH MARKET #16RICHLAND     WAUS,,,($42.25),"$11,015.40 "
9/22/2020,POS MAVERIK #448 3520 KEENE ROAD        RICHLAND     WAUS,,,($38.53),"$11,057.65 "
9/22/2020,ATM Withdrawal GESA CREDIT UNION 4755 PARADISE WAY WU   WEST RICHLANDWAUS,,,($200.00),"$11,096.18 "
9/22/2020,External Withdrawal WEB - UAS  - x6227  NM103*EUAS DEBIT-     x5741\,,,($184.06),"$11,296.18 "
9/21/2020,External Withdrawal PAYPAL INSTANT TRANSFER - INST XFER,,,($84.64),"$11,480.24 "
9/21/2020,POS  HONGS MONGOLIAN        KENNEWICK    WAUS,,,($35.52),"$11,564.88 "
9/20/2020,Withdrawal Transfer to x4978,,,($75.00),"$11,600.40 "
9/18/2020,POS  COSTCO WHSE #0486      KENNEWICK    WAUS,,,($157.55),"$11,675.40 "
9/18/2020,POS VIOC x0091 25 COLUMBIA POINT D    RICHLAND     WAUS,,,($86.85),"$11,832.95 "
9/15/2020,POS  COSTCO WHSE #0486      KENNEWICK    WAUS,,,($153.91),"$11,919.80 "
9/15/2020,POS  APPLE.COM/BILL         866-712-7753 CAUS,,,($0.99),"$12,073.71 "
9/15/2020,POS  APPLE.COM/BILL         866-712-7753 CAUS,,,($11.92),"$12,074.70 "
9/15/2020,POS FRED-MEYER #0163 FRED MEYER 163         KENNEWICK    WAUS,,,($252.20),"$12,086.62 "
9/15/2020,POS  AMZN Mktp US*M45GF1A21 Amzn.com/billWAUS,,,($115.06),"$12,338.82 "
9/15/2020,ATM Withdrawal GESA CREDIT UNION 100 N HUNTINGTON STREETKENNEWICK    WAUS,,,($240.00),"$12,453.88 "
9/14/2020,ATM Withdrawal GESA CREDIT UNION 4755 PARADISE WAY WU   WEST RICHLANDWAUS,,,($200.00),"$12,693.88 "
9/11/2020,POS  AMZN Mktp US*MU9KS57M2 Amzn.com/billWAUS,,,($40.17),"$12,893.88 "
9/11/2020,POS  APPLE.COM/BILL         866-712-7753 CAUS,,,($21.71),"$12,934.05 "
9/11/2020,External Withdrawal PAYPAL INSTANT TRANSFER - INST XFER,,,($5.00),"$12,955.76 "
9/11/2020,External Deposit INTERA  - PAYROLL,,,"$1,695.35 ","$12,960.76 "
9/10/2020,POS MAVERIK #448 3520 KEENE ROAD        RICHLAND     WAUS,,,($41.03),"$11,265.41 "
9/10/2020,POS  AMAZON.COM             SEATTLE      WAUS,,,($107.64),"$11,306.44 "
9/10/2020,POS  HOBBYLOBBY 7011 W. CANAKENNEWICK    WAUS,,,($38.52),"$11,414.08 "
9/9/2020,Withdrawal Hall Pmt from x0368 CK,,,($470.44),"$11,452.60 "
9/9/2020,POS  INCA MEXICAN RESTAURANTKENNEWICK    WAUS,,,($36.82),"$11,923.04 "
9/8/2020,POS  APPLE.COM/BILL         866-712-7753 CAUS,,,($33.63),"$11,959.86 "
9/6/2020,POS  YOKES WEST RICHLAND    W. RICHLAND  WAUS,,,($26.28),"$11,993.49 "
9/6/2020,POS FRED-MEYER #0163 FRED MEYER 163         KENNEWICK    WAUS,,,($21.70),"$12,019.77 "
9/6/2020,POS FRED-MEYER #0163 FRED MEYER 163         KENNEWICK    WAUS,,,($194.21),"$12,041.47 "
9/6/2020,POS FRED-MEYER #0163 FRED MEYER 163         KENNEWICK    WAUS,,,($133.84),"$12,235.68 "
9/2/2020,POS  APPLE.COM/BILL         866-712-7753 CAUS,,,($1.08),"$12,369.52 "
9/2/2020,POS  RichlandAirportMiniStor509-x3855  WAUS,,,($122.00),"$12,370.60 "
8/31/2020,ATM Service Charge Rebate,,,$3.00 ,"$12,492.60 "
8/31/2020,Credit Interest,,,$13.89 ,"$12,489.60 "
8/31/2020,POS  AMZN Mktp US*MM1ZZ39G0 Amzn.com/billWAUS,,,($23.86),"$12,475.71 "
8/31/2020,POS  SMOKE CITY FOR LESS    KENNEWICK    WAUS,,,($54.28),"$12,499.57 "
8/31/2020,POS  CINCO DE MAYO FAMILY REKENNEWICK    WAUS,,,($40.00),"$12,553.85 "
8/30/2020,POS  COSTCO WHSE #0486      KENNEWICK    WAUS,,,($226.86),"$12,593.85 "
8/30/2020,POS  GEICO  *AUTO           800-841-3000 DCUS,,,($48.30),"$12,820.71 "
8/29/2020,POS  ADVENTURES UNDERGROUND RICHLAND     WAUS,,,($21.67),"$12,869.01 "
8/29/2020,POS  HELP.HBOMAX.COM        HTTPSHBOMAX.CNYUS,,,($16.28),"$12,890.68 "
8/28/2020,ATM Withdrawal GESA CREDIT UNION 4755 PARADISE WAY WU   WEST RICHLANDWAUS,,,($140.00),"$12,906.96 "
8/28/2020,External Deposit INTERA  - PAYROLL,,,"$1,695.36 ","$13,046.96 "
8/27/2020,POS  APPLE.COM/BILL         866-712-7753 CAUS,,,($21.71),"$11,351.60 "
8/27/2020,POS MAVERIK #448 3520 KEENE ROAD        RICHLAND     WAUS,,,($38.92),"$11,373.31 "
8/26/2020,POS  APPLE.COM/BILL         866-712-7753 CAUS,,,($22.78),"$11,412.23 "
8/23/2020,ATM Withdrawal GESA CREDIT UNION 4755 PARADISE WAY WU   WEST RICHLANDWAUS,,,($200.00),"$11,435.01 "
8/22/2020,ATM Withdrawal GESA CREDIT UNION 4755 PARADISE WAY WU   WEST RICHLANDWAUS,,,($200.00),"$11,635.01 "
8/22/2020,POS FRED-MEYER #0286 FRED MEYER 286         RICHLAND     WAUS,,,($191.06),"$11,835.01 "
8/20/2020,Withdrawal Transfer to x4978,,,($75.00),"$12,026.07 "
8/20/2020,POS MAVERIK #448 3520 KEENE ROAD        RICHLAND     WAUS,,,($9.00),"$12,101.07 "
8/20/2020,External Withdrawal WEB - UAS  - x6227  NM103*EUAS DEBIT-     x2454\,,,($184.06),"$12,110.07 "
8/17/2020,POS  AT&T S013 6332         KENNEWICK    WAUS,,,($34.40),"$12,294.13 "
8/17/2020,POS  APPLE.COM/BILL         800-275-2273 CAUS,,,($43.43),"$12,328.53 "
8/17/2020,External Withdrawal PAYPAL INSTANT TRANSFER - INST XFER,,,($67.30),"$12,371.96 "
8/17/2020,POS  SMOKE CITY FOR LESS    KENNEWICK    WAUS,,,($27.15),"$12,439.26 "
8/16/2020,POS  APPLE.COM/BILL         408-974-1010 CAUS,,,($1.08),"$12,466.41 "
8/16/2020,POS  APPLE.COM/BILL         866-712-7753 CAUS,,,($0.99),"$12,467.49 "
8/16/2020,ATM Withdrawal ATMG DGA West R 4000 Kennedy Rd        West RichlandWAUS,,,($123.00),"$12,468.48 "
8/14/2020,External Deposit INTERA  - PAYROLL,,,"$1,695.36 ","$12,591.48 "
8/12/2020,POS  APPLE.COM/BILL         866-712-7753 CAUS,,,($3.23),"$10,896.12 "
8/11/2020,POS 7-ELEVEN 415 WRIGHT AV          RICHLAND     WAUS,,,($4.54),"$10,899.35 "
8/11/2020,External Withdrawal PAYPAL INSTANT TRANSFER - INST XFER,,,($5.00),"$10,903.89 "
8/11/2020,POS  CINCO DE MAYO FAMILY REKENNEWICK    WAUS,,,($44.45),"$10,908.89 "
8/7/2020,POS MAVERIK #448 3520 KEENE ROAD        RICHLAND     WAUS,,,($39.13),"$10,953.34 "
8/7/2020,POS MAVERIK #448 3520 KEENE ROAD        RICHLAND     WAUS,,,($4.34),"$10,992.47 "
8/6/2020,POS FRED-MEYER #0286 FRED MEYER 286         RICHLAND     WAUS,,,($217.49),"$10,996.81 "
8/6/2020,POS  CHIPOTLE 2573          KENNEWICK    WAUS,,,($24.27),"$11,214.30 "
8/5/2020,POS  APPLE.COM/BILL         866-712-7753 CAUS,,,($1.08),"$11,238.57 "
8/4/2020,External Withdrawal PAYPAL INSTANT TRANSFER - INST XFER,,,($20.37),"$11,239.65 "
8/4/2020,ATM Withdrawal GESA CREDIT UNION 100 N HUNTINGTON STREETKENNEWICK    WAUS,,,($200.00),"$11,260.02 "
8/4/2020,POS  CINCO DE MAYO FAMILY REKENNEWICK    WAUS,,,($42.88),"$11,460.02 "
8/3/2020,POS  COSTCO WHSE #0486      KENNEWICK    WAUS,,,($218.32),"$11,502.90 "
8/2/2020,POS  RichlandAirportMiniStor509-x3855  WAUS,,,($115.00),"$11,721.22 "
8/2/2020,POS  SMOKE CITY FOR LESS    KENNEWICK    WAUS,,,($48.85),"$11,836.22 "
7/31/2020,Credit Interest,,,$13.88 ,"$11,885.07 "
7/31/2020,External Deposit INTERA  - PAYROLL,,,"$1,695.34 ","$11,871.19 "
7/30/2020,ATM Withdrawal GESA CREDIT UNION 4755 PARADISE WAY WU   WEST RICHLANDWAUS,,,($200.00),"$10,175.85 "
7/30/2020,POS  GEICO  *AUTO           800-841-3000 DCUS,,,($48.30),"$10,375.85 "
7/29/2020,POS FRED-MEYER #0286 FRED MEYER 286         RICHLAND     WAUS,,,($326.42),"$10,424.15 "
7/29/2020,POS CIRCLE K x6034 7707 W. DESCHUTES      KENNEWICK    WAUS,,,($39.96),"$10,750.57 "
7/29/2020,POS  HELP.HBOMAX.COM        HTTPSHBOMAX.CNYUS,,,($16.28),"$10,790.53 "
7/27/2020,POS  APPLE.COM/BILL         866-712-7753 CAUS,,,($44.50),"$10,806.81 "
7/24/2020,ATM Withdrawal GESA CREDIT UNION 4755 PARADISE WAY WU   WEST RICHLANDWAUS,,,($200.00),"$10,851.31 "
7/23/2020,POS  COSTCO WHSE #0486      KENNEWICK    WAUS,,,($367.60),"$11,051.31 "
7/23/2020,POS  APPLE.COM/BILL         866-712-7753 CAUS,,,($48.84),"$11,418.91 "
7/23/2020,POS  APPLE.COM/BILL         866-712-7753 CAUS,,,($21.70),"$11,467.75 "
7/23/2020,POS  APPLE.COM/BILL         866-712-7753 CAUS,,,($43.40),"$11,489.45 "
7/23/2020,POS  APPLE.COM/BILL         866-712-7753 CAUS,,,($43.40),"$11,532.85 "
7/23/2020,POS  APPLE.COM/BILL         866-712-7753 CAUS,,,($16.28),"$11,576.25 "
7/22/2020,POS  APPLE.COM/BILL         866-712-7753 CAUS,,,($39.04),"$11,592.53 "
7/21/2020,External Withdrawal WEB - UAS  - x6227  NM103*EUAS DEBIT-     x6910\,,,($184.06),"$11,631.57 "
7/21/2020,POS  APPLE.COM/BILL         866-712-7753 CAUS,,,($29.26),"$11,815.63 "
7/20/2020,Withdrawal Transfer to x4978,,,($75.00),"$11,844.89 "
7/20/2020,POS  APPLE.COM/BILL         866-712-7753 CAUS,,,($1.08),"$11,919.89 "
7/20/2020,POS FRED-MEYER #0163 FRED MEYER 163         KENNEWICK    WAUS,,,($94.78),"$11,920.97 "
7/20/2020,POS FRED-MEYER #0163 FRED MEYER 163         KENNEWICK    WAUS,,,($52.08),"$12,015.75 "
7/18/2020,POS CIRCLE K x0603 5301 W. CANAL DR       KENNEWICK    WAUS,,,($41.12),"$12,067.83 "
7/17/2020,POS  AMZN Mktp US*MJ4V60WS2 Amzn.com/billWAUS,,,($225.37),"$12,108.95 "
7/17/2020,External Deposit INTERA  - PAYROLL,,,"$1,695.35 ","$12,334.32 "
7/17/2020,POS  CHIPOTLE 2573          KENNEWICK    WAUS,,,($19.87),"$10,638.97 "
7/16/2020,ATM Withdrawal GESA CREDIT UNION 4755 PARADISE WAY WU   WEST RICHLANDWAUS,,,($180.00),"$10,658.84 "
7/15/2020,POS  AMAZON.COM             SEATTLE      WAUS,,,($27.18),"$10,838.84 "
7/13/2020,External Withdrawal PAYPAL INSTANT TRANSFER - INST XFER,,,($5.00),"$10,866.02 "
7/12/2020,ATM Withdrawal GESA CREDIT UNION 4755 PARADISE WAY WU   WEST RICHLANDWAUS,,,($100.00),"$10,871.02 "
7/11/2020,POS  COSTCO WHSE #0486      KENNEWICK    WAUS,,,($140.74),"$10,971.02 "
7/11/2020,POS  APPLE.COM/BILL         866-712-7753 CAUS,,,($120.51),"$11,111.76 "
7/11/2020,POS  AMZN Mktp US*MJ4W25WS1 Amzn.com/billWAUS,,,($353.16),"$11,232.27 "
7/11/2020,POS FRED-MEYER #0286 FRED MEYER 286         RICHLAND     WAUS,,,($324.66),"$11,585.43 "
7/9/2020,External Withdrawal PAYPAL INSTANT TRANSFER - INST XFER,,,($153.49),"$11,910.09 "
7/9/2020,POS  CHIPOTLE 2573          KENNEWICK    WAUS,,,($19.87),"$12,063.58 "
7/8/2020,POS MAVERIK #448 3520 KEENE ROAD        RICHLAND     WAUS,,,($38.16),"$12,083.45 "
7/8/2020,POS MAVERIK #448 3520 KEENE ROAD        RICHLAND     WAUS,,,($2.44),"$12,121.61 "
7/8/2020,POS  APPLE.COM/BILL         866-712-7753 CAUS,,,($1.08),"$12,124.05 "
7/5/2020,POS  SP * GHOST             HTTPSGHOSTLIFNVUS,,,($18.89),"$12,125.13 "
7/5/2020,POS SUPER SUPPLEMENT 5200 W CLEARWATER A    KENNEWICK    WAUS,,,($64.35),"$12,144.02 "
7/5/2020,POS FRED-MEYER #0163 FRED MEYER 163         KENNEWICK    WAUS,,,($18.44),"$12,208.37 "
7/5/2020,POS FRED-MEYER #0163 FRED MEYER 163         KENNEWICK    WAUS,,,($39.23),"$12,226.81 "
7/5/2020,POS  APPLE.COM/BILL         866-712-7753 CAUS,,,($1.08),"$12,266.04 "
7/5/2020,POS  APPLE.COM/BILL         866-712-7753 CAUS,,,($32.56),"$12,267.12 "
7/2/2020,External Withdrawal PAYPAL INSTANT TRANSFER - INST XFER,,,($103.91),"$12,299.68 "
7/2/2020,External Deposit INTERA  - PAYROLL,,,"$1,695.36 ","$12,403.59 "
7/2/2020,POS  RichlandAirportMiniStor509-x3855  WAUS,,,($115.00),"$10,708.23 "
7/1/2020,POS  WA DRIVER LICENSE RENEW360-902-7470 WAUS,,,($55.62),"$10,823.23 "
7/1/2020,External Withdrawal PAYPAL INSTANT TRANSFER - INST XFER,,,($32.57),"$10,878.85 "
6/30/2020,ATM Service Charge Rebate,,,$4.00 ,"$10,911.42 "
6/30/2020,Credit Interest,,,$13.41 ,"$10,907.42 "
6/30/2020,POS  GEICO  *AUTO           800-841-3000 DCUS,,,($10.81),"$10,894.01 "
6/30/2020,POS  CHIPOTLE 2573          KENNEWICK    WAUS,,,($21.77),"$10,904.82 "
6/30/2020,POS  APPLE.COM/BILL         866-712-7753 CAUS,,,($18.44),"$10,926.59 "
6/29/2020,POS  HELP.HBOMAX.COM        HTTPSHBOMAX.CNYUS,,,($16.28),"$10,945.03 "
6/29/2020,POS  SP * GHOST             HTTPSGHOSTLIFNVUS,,,($111.61),"$10,961.31 "
6/28/2020,ATM Withdrawal ST Enterprises x4307 E SR 397        Kennewick    WAUS,,,($204.00),"$11,072.92 "
6/28/2020,POS  APPLE.COM/BILL         866-712-7753 CAUS,,,($1.08),"$11,276.92 "
6/28/2020,POS  AMZN Mktp US*MS5F53910 Amzn.com/billWAUS,,,($69.03),"$11,278.00 "
6/28/2020,POS  CHIPOTLE 2573          KENNEWICK    WAUS,,,($20.25),"$11,347.03 "
6/27/2020,POS  AMAZON.COM             SEATTLE      WAUS,,,($16.27),"$11,367.28 "
6/27/2020,POS MAVERIK #448 3520 KEENE ROAD        RICHLAND     WAUS,,,($32.89),"$11,383.55 "
6/27/2020,POS MAVERIK #448 3520 KEENE ROAD        RICHLAND     WAUS,,,($13.96),"$11,416.44 "
6/26/2020,POS  APPLE.COM/BILL         866-712-7753 CAUS,,,($54.29),"$11,430.40 "
6/26/2020,POS  APPLE.COM/BILL         866-712-7753 CAUS,,,($76.01),"$11,484.69 "
6/26/2020,External Deposit INTERA  - PAYROLL,,,"$1,500.00 ","$11,560.70 "
6/24/2020,POS  APPLE.COM/BILL         866-712-7753 CAUS,,,($76.01),"$10,060.70 "
6/23/2020,POS FRED-MEYER #0286 FRED MEYER 286         RICHLAND     WAUS,,,($363.55),"$10,136.71 "
6/22/2020,External Withdrawal WEB - UAS  - x6227  NM103*EUAS DEBIT-     x7278\,,,($202.84),"$10,500.26 "
6/20/2020,Withdrawal Transfer to x4978,,,($75.00),"$10,703.10 "
6/20/2020,POS  APPLE.COM/BILL         866-712-7753 CAUS,,,($102.03),"$10,778.10 "
6/20/2020,POS MAVERIK #448 3520 KEENE ROAD        RICHLAND     WAUS,,,($36.73),"$10,880.13 "
6/20/2020,POS  AMZN Mktp US*MS87N4M61 Amzn.com/billWAUS,,,($53.07),"$10,916.86 "
6/20/2020,POS FRED-MEYER #0163 FRED MEYER 163         KENNEWICK    WAUS,,,($160.95),"$10,969.93 "
6/20/2020,POS  APPLE.COM/BILL         866-712-7753 CAUS,,,($54.29),"$11,130.88 "
6/19/2020,POS  AMZN Mktp US*MS15A1E10 Amzn.com/billWAUS,,,($71.94),"$11,185.17 "
6/19/2020,External Deposit INTERA  - PAYROLL,,,"$1,695.35 ","$11,257.11 "
6/18/2020,POS  COSTCO WHSE #0486      KENNEWICK    WAUS,,,($245.68),"$9,561.76 "
6/18/2020,ATM Withdrawal GESA CREDIT UNION 4755 PARADISE WAY WU   WEST RICHLANDWAUS,,,($220.00),"$9,807.44 "
6/18/2020,POS  GameStop               817-422-2085 TXUS,,,($74.90),"$10,027.44 "
6/17/2020,POS  APPLE.COM/BILL         866-712-7753 CAUS,,,($21.71),"$10,102.34 "
6/16/2020,POS  GameStop               817-422-2085 TXUS,,,($56.17),"$10,124.05 "
6/16/2020,POS  GameStop               817-422-2085 TXUS,,,($56.17),"$10,180.22 "
6/15/2020,POS  APPLE.COM/BILL         866-712-7753 CAUS,,,($21.70),"$10,236.39 "
6/14/2020,POS  APPLE.COM/BILL         866-712-7753 CAUS,,,($79.25),"$10,258.09 "
6/14/2020,POS  APPLE.COM/BILL         408-974-1010 CAUS,,,($113.98),"$10,337.34 "
6/13/2020,POS  APPLE.COM/BILL         866-712-7753 CAUS,,,($30.34),"$10,451.32 "
6/12/2020,POS MAVERIK #448 3520 KEENE ROAD        RICHLAND     WAUS,,,($18.73),"$10,481.66 "
6/12/2020,POS  COSTCO WHSE #0486      KENNEWICK    WAUS,,,($298.44),"$10,500.39 "
6/12/2020,POS THE UPS STORE#57 8524 W GAGE #A STE1    KENNEWICK    WAUS,,,($23.31),"$10,798.83 "
6/12/2020,POS  AMZN Mktp US*MY8JU3YM1 Amzn.com/billWAUS,,,($2.73),"$10,822.14 "
6/12/2020,POS FRED-MEYER #0286 FRED MEYER 286         RICHLAND     WAUS,,,($292.95),"$10,824.87 "
6/11/2020,External Withdrawal PAYPAL INSTANT TRANSFER - INST XFER,,,($5.00),"$11,117.82 "
6/10/2020,POS FRED-MEYER #0163 FRED MEYER 163         KENNEWICK    WAUS,,,($162.66),"$11,122.82 "
6/10/2020,ATM Withdrawal GESA CREDIT UNION 4755 PARADISE WAY WU   WEST RICHLANDWAUS,,,($200.00),"$11,285.48 "
6/10/2020,POS  APPLE.COM/BILL         408-974-1010 CAUS,,,($77.08),"$11,485.48 "
6/9/2020,POS  APPLE.COM/BILL         866-712-7753 CAUS,,,($34.73),"$11,562.56 "
6/9/2020,POS  APPLE.COM/BILL         866-712-7753 CAUS,,,($24.93),"$11,597.29 "
6/8/2020,POS  APPLE.COM/BILL         866-712-7753 CAUS,,,($35.72),"$11,622.22 "
6/8/2020,POS  AMZN Mktp US*MY02M9042 Amzn.com/billWAUS,,,($146.87),"$11,657.94 "
6/8/2020,POS  GameStop               817-422-2085 TXUS,,,($49.93),"$11,804.81 "
6/8/2020,POS  GameStop               817-422-2085 TXUS,,,($74.90),"$11,854.74 "
6/8/2020,POS  GameStop               817-422-2085 TXUS,,,($49.93),"$11,929.64 "
6/7/2020,POS TARGET T-083 1106 N Columbia Cen    Kennewick    WAUS,,,($60.78),"$11,979.57 "
6/5/2020,POS  AMAZON.COM             SEATTLE      WAUS,,,($32.56),"$12,040.35 "
6/5/2020,External Deposit INTERA  - PAYROLL,,,"$1,695.36 ","$12,072.91 "
6/3/2020,POS  APPLE.COM/BILL         866-712-7753 CAUS,,,($115.06),"$10,377.55 "
6/2/2020,POS  RichlandAirportMiniStor509-x3855  WAUS,,,($115.00),"$10,492.61 "
6/1/2020,POS THE HOME DEPOT 4 2855 DUPORTAIL STRE    RICHLAND     WAUS,,,($70.58),"$10,607.61 "
6/1/2020,ATM Withdrawal GESA CREDIT UNION 4755 PARADISE WAY WU   WEST RICHLANDWAUS,,,($220.00),"$10,678.19 "
6/1/2020,POS  APPLE.COM/BILL         866-712-7753 CAUS,,,($1.08),"$10,881.40 "
5/31/2020,Credit Interest,,,$16.79 ,"$10,898.19 "
5/31/2020,POS FRED-MEYER #0163 FRED MEYER 163         KENNEWICK    WAUS,,,($137.24),"$10,882.48 "
5/30/2020,POS  GEICO  *AUTO           800-841-3000 DCUS,,,($49.79),"$11,019.72 "
5/29/2020,POS  HELP.HBOMAX.COM        HTTPSHBOMAX.CNYUS,,,($16.28),"$11,069.51 "
5/29/2020,POS  APPLE.COM/BILL         866-712-7753 CAUS,,,($82.48),"$11,085.79 "
5/27/2020,POS CIRCLE K x6037 3957 W VAN GIESEN      RICHLAND     WAUS,,,($31.63),"$11,168.27 "
5/27/2020,POS FRED-MEYER #0286 FRED MEYER 286         RICHLAND     WAUS,,,($448.00),"$11,199.90 "
5/26/2020,POS  APPLE.COM/BILL         866-712-7753 CAUS,,,($23.86),"$11,647.90 "
5/26/2020,POS  CHIPOTLE 2573          KENNEWICK    WAUS,,,($19.87),"$11,671.76 "
5/26/2020,POS SUPER SUPPLEMENT 5200 W CLEARWATER A    KENNEWICK    WAUS,,,($63.47),"$11,691.63 "
5/23/2020,ATM Withdrawal GESA CREDIT UNION 4755 PARADISE WAY WU   WEST RICHLANDWAUS,,,($100.00),"$11,755.10 "
5/22/2020,External Deposit INTERA  - PAYROLL,,,"$1,803.34 ","$11,855.10 "
5/20/2020,Withdrawal Transfer to x4978,,,($75.00),"$10,051.76 "
5/20/2020,External Withdrawal WEB - UAS  - x6227  NM103*EUAS DEBIT-     x3085\,,,($202.84),"$10,126.76 "
5/20/2020,POS  YOKES WEST RICHLAND    W. RICHLAND  WAUS,,,($38.00),"$10,329.60 "
5/19/2020,POS FRED-MEYER #0286 FRED MEYER 286         RICHLAND     WAUS,,,($266.36),"$10,367.60 "
5/18/2020,POS  APPLE.COM/BILL         866-712-7753 CAUS,,,($6.49),"$10,633.96 "
5/17/2020,POS FRED-MEYER #0163 FRED MEYER 163         KENNEWICK    WAUS,,,($255.48),"$10,640.45 "
5/16/2020,POS MAVERIK #448 3520 KEENE ROAD        RICHLAND     WAUS,,,($9.00),"$10,895.93 "
5/15/2020,POS  AMZN Mktp US*MC6GJ0RM1 Amzn.com/billWAUS,,,($44.29),"$10,904.93 "
5/15/2020,POS  AMAZON.COM             SEATTLE      WAUS,,,($13.99),"$10,949.22 "
5/14/2020,POS  APPLE.COM/BILL         866-712-7753 CAUS,,,($16.28),"$10,963.21 "
5/14/2020,POS  APPLE.COM/BILL         408-974-1010 CAUS,,,($1.08),"$10,979.49 "
5/13/2020,POS  COSTCO WHSE #0486      KENNEWICK    WAUS,,,($468.85),"$10,980.57 "
5/13/2020,ATM Withdrawal GESA CREDIT UNION 4755 PARADISE WAY WU   WEST RICHLANDWAUS,,,($100.00),"$11,449.42 "
5/11/2020,POS FRED-MEYER #0286 FRED MEYER 286         RICHLAND     WAUS,,,($369.96),"$11,549.42 "
5/11/2020,External Withdrawal PAYPAL INSTANT TRANSFER - INST XFER,,,($5.00),"$11,919.38 "
5/9/2020,ATM Withdrawal GESA CREDIT UNION 4755 PARADISE WAY WU   WEST RICHLANDWAUS,,,($100.00),"$11,924.38 "
5/8/2020,External Deposit INTERA  - PAYROLL,,,"$1,803.35 ","$12,024.38 "
5/6/2020,POS  APPLE.COM/BILL         866-712-7753 CAUS,,,($1.08),"$10,221.03 "
5/6/2020,POS  CHIPOTLE 2573          KENNEWICK    WAUS,,,($8.42),"$10,222.11 "
5/3/2020,POS  MAVERIK #448           RICHLAND     WAUS,,,($31.71),"$10,230.53 "
5/2/2020,POS MAVERIK #448 3520 KEENE ROAD        RICHLAND     WAUS,,,($6.00),"$10,262.24 "
5/2/2020,POS  RichlandAirportMiniStorRICHLAND     WAUS,,,($115.00),"$10,268.24 "
4/30/2020,Credit Interest,,,$15.47 ,"$10,383.24 "
4/30/2020,POS  GEICO  *AUTO           800-841-3000 DCUS,,,($49.79),"$10,367.77 "
4/29/2020,POS  APPLE.COM/BILL         866-712-7753 CAUS,,,($1.08),"$10,417.56 "
4/28/2020,POS  COSTCO WHSE #0486      KENNEWICK    WAUS,,,($816.79),"$10,418.64 "
4/25/2020,POS  APPLE.COM/BILL         866-712-7753 CAUS,,,($22.78),"$11,235.43 "
4/25/2020,POS  CHIPOTLE 2573          KENNEWICK    WAUS,,,($19.87),"$11,258.21 "
4/24/2020,POS  APPLE.COM/BILL         866-712-7753 CAUS,,,($21.70),"$11,278.08 "
4/24/2020,External Deposit INTERA  - PAYROLL,,,"$1,803.37 ","$11,299.78 "
4/23/2020,POS  AMZN Mktp US*BD07M8G83 Amzn.com/billWAUS,,,($56.35),"$9,496.41 "
4/23/2020,POS  AMAZON.COM             SEATTLE      WAUS,,,($14.62),"$9,552.76 "
4/21/2020,External Withdrawal WEB - UAS  - x6227  NM103*EUAS DEBIT-     x4558\,,,($202.84),"$9,567.38 "
4/20/2020,Withdrawal Transfer to x4978,,,($75.00),"$9,770.22 "
4/20/2020,POS FRED-MEYER #0286 FRED MEYER 286         RICHLAND     WAUS,,,($61.65),"$9,845.22 "
4/20/2020,POS FRED-MEYER #0286 FRED MEYER 286         RICHLAND     WAUS,,,($442.69),"$9,906.87 "
4/20/2020,POS  APPLE.COM/BILL         866-712-7753 CAUS,,,($1.08),"$10,349.56 "
4/20/2020,ATM Withdrawal GESA CREDIT UNION 4755 PARADISE WAY WU   WEST RICHLANDWAUS,,,($300.00),"$10,350.64 "
4/19/2020,POS  CHIPOTLE 2573          KENNEWICK    WAUS,,,($19.87),"$10,650.64 "
4/17/2020,ATM Withdrawal GESA CREDIT UNION 4755 PARADISE WAY WU   WEST RICHLANDWAUS,,,($600.00),"$10,670.51 "
4/17/2020,POS  SMOKE CITY FOR LESS    KENNEWICK    WAUS,,,($34.73),"$11,270.51 "
4/15/2020,External Deposit ACQUIOM CLEARING  - PAYMENTS,,,$136.60 ,"$11,305.24 "
4/15/2020,POS  APPLE.COM/BILL         866-712-7753 CAUS,,,($1.08),"$11,168.64 "
4/15/2020,External Deposit IRS  TREAS 310  -   TAX REF,,,"$1,200.00 ","$11,169.72 "
4/13/2020,ATM Withdrawal GESA CREDIT UNION 4755 PARADISE WAY WU   WEST RICHLANDWAUS,,,($200.00),"$9,969.72 "
4/13/2020,External Withdrawal PAYPAL INSTANT TRANSFER - INST XFER,,,($10.00),"$10,169.72 "
4/13/2020,External Withdrawal PAYPAL INSTANT TRANSFER - INST XFER,,,($5.00),"$10,179.72 "
4/11/2020,POS  CHIPOTLE 2573          KENNEWICK    WAUS,,,($19.87),"$10,184.72 "
4/10/2020,POS ROCKET MART 5304 W Canal Dr        Kennewick    WAUS,,,($33.74),"$10,204.59 "
4/10/2020,External Deposit INTERA  - PAYROLL,,,"$1,803.34 ","$10,238.33 "
4/7/2020,POS  APPLE.COM/BILL         866-712-7753 CAUS,,,($11.92),"$8,434.99 "
4/4/2020,POS TARGET T-083 1106 N Columbia Cen    Kennewick    WAUS,,,($80.67),"$8,446.91 "
4/4/2020,POS  CHIPOTLE 2573          KENNEWICK    WAUS,,,($19.87),"$8,527.58 "
4/4/2020,POS Wal-Mart Super C 3261 WAL-SAMS          RICHLAND     WAUS,,,($125.44),"$8,547.45 "
4/2/2020,POS  COSTCO WHSE #0486      KENNEWICK    WAUS,,,($541.86),"$8,672.89 "
4/2/2020,POS  RichlandAirportMiniStorRICHLAND     WAUS,,,($115.00),"$9,214.75 "
4/1/2020,POS  APPLE.COM/BILL         866-712-7753 CAUS,,,($1.08),"$9,329.75 "
3/31/2020,Credit Interest,,,$21.93 ,"$9,330.83 "
3/31/2020,POS  LMC BUSINESS OFFICE    509-546-2319 WAUS,,,($22.19),"$9,308.90 "
3/30/2020,POS  GEICO  *AUTO           800-841-3000 DCUS,,,($49.79),"$9,331.09 "
3/30/2020,External Withdrawal PAYPAL INSTANT TRANSFER - INST XFER,,,($16.28),"$9,380.88 "
3/30/2020,POS WAL-MART #3261 2801 DUPORTAIL STRE    RICHLAND     WAUS,,,($57.51),"$9,397.16 "
3/29/2020,POS  CHIPOTLE 2573          KENNEWICK    WAUS,,,($19.87),"$9,454.67 "
3/28/2020,POS TARGET T-083 1106 N Columbia Cen    Kennewick    WAUS,,,($93.12),"$9,474.54 "
3/28/2020,POS  APPLE.COM/BILL         866-712-7753 CAUS,,,($76.00),"$9,567.66 "
3/27/2020,External Deposit INTERA  - PAYROLL,,,"$1,803.36 ","$9,643.66 "
3/25/2020,POS VIOC x0091 25 COLUMBIA POINT D    RICHLAND     WAUS,,,($70.58),"$7,840.30 "
3/25/2020,POS  APPLE.COM/BILL         866-712-7753 CAUS,,,($1.08),"$7,910.88 "
3/23/2020,External Withdrawal NAVI  ED SERV PP ACH TRANSACTION - STUDNTLOAN,,,($277.26),"$7,911.96 "
3/21/2020,POS  CONOCO - KENNEDY MART  WEST RICHLANDWAUS,,,($32.28),"$8,189.22 "
3/21/2020,ATM Withdrawal GESA CREDIT UNION 4755 PARADISE WAY WU   WEST RICHLANDWAUS,,,($200.00),"$8,296.50 "
3/20/2020,Withdrawal Transfer to x4978,,,($75.00),"$8,221.50 "
3/20/2020,External Withdrawal WEB - UAS  - x6227  NM103*EUAS DEBIT-     x4613\,,,($202.84),"$8,496.50 "
3/19/2020,Withdrawal,,,($500.00),"$8,699.34 "
3/19/2020,IAT Withdrawal IAT PAYPAL  x8030  YANG QIAO YUN,,,($23.89),"$9,199.34 "
3/19/2020,External Withdrawal PAYPAL INSTANT TRANSFER - INST XFER,,,($38.02),"$9,223.23 "
3/18/2020,POS  APPLE.COM/BILL         866-712-7753 CAUS,,,($6.49),"$9,261.25 "
3/17/2020,ATM Withdrawal GESA CREDIT UNION 4755 PARADISE WAY WU   WEST RICHLANDWAUS,,,($140.00),"$9,267.74 "
3/17/2020,POS FRED-MEYER #0286 FRED MEYER 286         RICHLAND     WAUS,,,($182.25),"$9,407.74 "
3/17/2020,POS  HONGS MONGOLIAN        KENNEWICK    WAUS,,,($32.95),"$9,589.99 "
3/14/2020,POS  APPLE.COM/BILL         866-712-7753 CAUS,,,($14.29),"$9,622.94 "
3/13/2020,POS  RichlandAirportMiniStor509-x3855  WAUS,,,($130.60),"$9,637.23 "
3/13/2020,External Deposit INTERA  - PAYROLL,,,"$1,803.35 ","$9,767.83 "
3/12/2020,POS  COSTCO WHSE #0486      KENNEWICK    WAUS,,,($368.84),"$7,964.48 "
3/12/2020,POS  SQ *LOTUS OF THE MO    RICHLAND     WAUS,,,($27.15),"$8,333.32 "
3/11/2020,POS CIRCLE K x6037 3957 W VAN GIESEN      RICHLAND     WAUS,,,($43.24),"$8,360.47 "
3/10/2020,POS  DAIRY QUEEN #44819     RICHLAND     WAUS,,,($8.03),"$8,403.71 "
3/10/2020,POS  HONGS MONGOLIAN        KENNEWICK    WAUS,,,($27.52),"$8,411.74 "
3/8/2020,ATM Withdrawal GESA CREDIT UNION 4755 PARADISE WAY WU   WEST RICHLANDWAUS,,,($100.00),"$8,439.26 "
3/8/2020,POS  CHIPOTLE 2573          KENNEWICK    WAUS,,,($16.83),"$8,539.26 "
3/3/2020,POS FRED-MEYER #0286 FRED MEYER 286         RICHLAND     WAUS,,,($194.45),"$8,556.09 "
3/3/2020,POS  HONGS MONGOLIAN        KENNEWICK    WAUS,,,($28.59),"$8,750.54 "
3/2/2020,POS CIRCLE K x6037 3957 W VAN GIESEN      RICHLAND     WAUS,,,($41.63),"$8,779.13 "
2/29/2020,Credit Interest,,,$13.89 ,"$8,820.76 "
2/29/2020,POS FRED-MEYER #0163 FRED MEYER 163         KENNEWICK    WAUS,,,($117.50),"$8,806.87 "
2/29/2020,POS  GEICO  *AUTO           800-841-3000 DCUS,,,($49.79),"$8,924.37 "
2/29/2020,POS  CHIPOTLE 2573          KENNEWICK    WAUS,,,($22.91),"$8,974.16 "
2/29/2020,POS  THREE FLAMES MONGOLIAN RICHLAND     WAUS,,,($15.38),"$8,997.07 "
2/28/2020,External Withdrawal PAYPAL INSTANT TRANSFER - INST XFER,,,($16.28),"$9,012.45 "
2/28/2020,External Deposit INTERA  - PAYROLL,,,"$1,803.34 ","$9,028.73 "
2/28/2020,POS  MACYS   .COM           800-289-6229 OHUS,,,($87.91),"$7,225.39 "
2/27/2020,External Deposit TAX PRODUCTS PE1 ORIG GREEN DOT BANK - SBTPG LLC,,,"$1,879.12 ","$7,313.30 "
2/25/2020,External Deposit OR REVENUE DEPT  - ORSTTAXRFD,,,$127.00 ,"$5,434.18 "
2/25/2020,POS  CHIPOTLE 2573          KENNEWICK    WAUS,,,($22.91),"$5,307.18 "
2/24/2020,External Withdrawal NAVI  ED SERV PP ACH TRANSACTION - STUDNTLOAN,,,($277.26),"$5,330.09 "
2/23/2020,POS  MAVERIK #448           RICHLAND     WAUS,,,($36.76),"$5,607.35 "
2/23/2020,POS  APPLE.COM/BILL         866-712-7753 CAUS,,,($1.08),"$5,644.11 "
2/22/2020,ATM Withdrawal GESA CREDIT UNION 4755 PARADISE WAY WU   WEST RICHLANDWAUS,,,($100.00),"$5,645.19 "
2/22/2020,POS  COSTCO WHSE #0486      KENNEWICK    WAUS,,,($268.58),"$5,745.19 "
2/21/2020,External Withdrawal WEB - UAS  - x6227  NM103*EUAS DEBIT-     x9016\,,,($202.84),"$6,013.77 "
2/21/2020,POS  AMZN Mktp US*171Q19L93 Amzn.com/billWAUS,,,($155.70),"$6,216.61 "
2/20/2020,POS  AMAZON.COM             SEATTLE      WAUS,,,($21.11),"$6,372.31 "
2/20/2020,POS  HONGS MONGOLIAN        KENNEWICK    WAUS,,,($28.59),"$6,393.42 "
2/19/2020,POS  APPLE.COM/BILL         866-712-7753 CAUS,,,($1.08),"$6,422.01 "
2/19/2020,POS FRED-MEYER #0163 FRED MEYER 163         KENNEWICK    WAUS,,,($73.88),"$6,423.09 "
2/15/2020,POS FRED-MEYER #0163 FRED MEYER 163         KENNEWICK    WAUS,,,($179.87),"$6,496.97 "
2/14/2020,POS  YOKES WEST RICHLAND    W. RICHLAND  WAUS,,,($31.54),"$6,676.84 "
2/14/2020,POS  CHIPOTLE 2573          KENNEWICK    WAUS,,,($22.91),"$6,708.38 "
2/14/2020,POS  MAVERIK #448           RICHLAND     WAUS,,,($35.72),"$6,731.29 "
2/14/2020,External Deposit INTERA  - PAYROLL,,,"$1,803.36 ","$6,767.01 "
2/12/2020,POS  APPLE.COM/BILL         866-712-7753 CAUS,,,($1.08),"$4,963.65 "
2/12/2020,POS  HONGS MONGOLIAN        KENNEWICK    WAUS,,,($29.59),"$4,964.73 "
2/11/2020,ATM Withdrawal GESA CREDIT UNION 4755 PARADISE WAY WU   WEST RICHLANDWAUS,,,($100.00),"$4,994.32 "
2/10/2020,POS  YOKES WEST RICHLAND    W. RICHLAND  WAUS,,,($17.41),"$5,094.32 "
2/10/2020,POS  MARSHALLS #1217 2921 QURICHLAND     WAUS,,,($124.55),"$5,111.73 "
2/7/2020,POS  THREE FLAMES MONGOLIAN RICHLAND     WAUS,,,($32.48),"$5,236.28 "
2/5/2020,POS  APPLE.COM/BILL         866-712-7753 CAUS,,,($1.08),"$5,268.76 "
2/3/2020,POS  MAVERIK #448           RICHLAND     WAUS,,,($41.41),"$5,269.84 "
2/3/2020,POS MAVERIK #448 3520 KEENE ROAD        RICHLAND     WAUS,,,($5.97),"$5,311.25 "
2/2/2020,POS SUPER SUPPLEMENT 5200 W CLEARWATER A    KENNEWICK    WAUS,,,($106.91),"$5,317.22 "
2/2/2020,POS  RichlandAirportMiniStorRICHLAND     WAUS,,,($115.00),"$5,424.13 "
2/2/2020,POS  CHIPOTLE 2573          KENNEWICK    WAUS,,,($25.63),"$5,539.13 "
2/1/2020,ATM Withdrawal GESA CREDIT UNION 4755 PARADISE WAY WU   WEST RICHLANDWAUS,,,($140.00),"$5,564.76 "
2/1/2020,POS  THREE FLAMES MONGOLIAN RICHLAND     WAUS,,,($15.64),"$5,704.76 "
1/31/2020,Credit Interest,,,$10.98 ,"$5,720.40 "
1/31/2020,POS  HONGS MONGOLIAN        KENNEWICK    WAUS,,,($28.59),"$5,709.42 "
1/31/2020,External Deposit INTERA  - PAYROLL,,,"$1,803.36 ","$5,738.01 "
1/30/2020,POS  GEICO  *AUTO           800-841-3000 DCUS,,,($49.79),"$3,934.65 "
1/28/2020,External Withdrawal PAYPAL INSTANT TRANSFER - INST XFER,,,($16.28),"$3,984.44 "
1/28/2020,POS  APPLE.COM/BILL         866-712-7753 CAUS,,,($21.71),"$4,000.72 "
1/27/2020,POS  APPLE.COM/BILL         866-712-7753 CAUS,,,($1.08),"$4,022.43 "
1/27/2020,POS 7-ELEVEN 2411 GEORGE WASH W     RICHLAND     WAUS,,,($40.33),"$4,023.51 "
1/27/2020,POS  HONGS MONGOLIAN        KENNEWICK    WAUS,,,($28.59),"$4,063.84 "
1/26/2020,POS  COSTCO WHSE #0486      KENNEWICK    WAUS,,,($336.46),"$4,092.43 "
1/25/2020,POS FRED-MEYER #0163 FRED MEYER 163         KENNEWICK    WAUS,,,($201.78),"$4,428.89 "
1/25/2020,POS  CHIPOTLE 2573          KENNEWICK    WAUS,,,($22.91),"$4,630.67 "
1/24/2020,POS  APPLE.COM/BILL         866-712-7753 CAUS,,,($1.08),"$4,653.58 "
1/23/2020,POS 7-ELEVEN 2411 GEORGE WASH W     RICHLAND     WAUS,,,($2.70),"$4,654.66 "
1/22/2020,POS  OFFICE DEPOT 00 1717 GERICHLAND     WAUS,,,($15.18),"$4,657.36 "
1/22/2020,POS  WA DOL LIC & REG 56793 RICHLAND     WAUS,,,($70.50),"$4,672.54 "
1/22/2020,External Withdrawal CAPITAL ONE  - MOBILE PMT,,,($55.00),"$4,743.04 "
1/22/2020,External Withdrawal WEB - UAS  - x6227  NM103*EUAS DEBIT-     x7694\,,,($202.84),"$4,798.04 "
1/21/2020,ATM Withdrawal GESA CREDIT UNION 4755 PARADISE WAY WU   WEST RICHLANDWAUS,,,($120.00),"$5,000.88 "
1/21/2020,POS 7-ELEVEN 2411 GEORGE WASH W     RICHLAND     WAUS,,,($13.03),"$5,120.88 "
1/21/2020,POS  APPLE.COM/BILL         866-712-7753 CAUS,,,($1.08),"$5,133.91 "
1/21/2020,POS 7-ELEVEN 3606 W CLEARWATER      KENNEWICK    WAUS,,,($6.67),"$5,134.99 "
1/19/2020,POS  YOKES WEST RICHLAND    W. RICHLAND  WAUS,,,($73.28),"$5,141.66 "
1/19/2020,POS  CHIPOTLE 2573          KENNEWICK    WAUS,,,($22.91),"$5,214.94 "
1/19/2020,POS  MAVERIK #448           RICHLAND     WAUS,,,($42.41),"$5,237.85 "
1/17/2020,POS  HONGS MONGOLIAN        KENNEWICK    WAUS,,,($25.68),"$5,280.26 "
1/17/2020,External Deposit INTERA  - PAYROLL,,,"$1,803.35 ","$5,305.94 "
1/17/2020,POS FRED-MEYER #0163 FRED MEYER 163         KENNEWICK    WAUS,,,($264.77),"$3,502.59 "
1/15/2020,POS 7-ELEVEN 2411 GEORGE WASH W     RICHLAND     WAUS,,,($9.77),"$3,767.36 "
1/15/2020,POS  APPLE.COM/BILL         866-712-7753 CAUS,,,($1.08),"$3,777.13 "
1/14/2020,POS  ALASKA AIR  x9515SEATTLE      WAUS,,,($334.40),"$3,778.21 "
1/13/2020,POS  CHIPOTLE 2573          KENNEWICK    WAUS,,,($22.91),"$4,112.61 "
1/13/2020,POS MAVERIK #504 4306 W. CLEARWATER     KENNEWICK    WAUS,,,($36.05),"$4,135.52 "
1/12/2020,ATM Withdrawal WEST RICHLAND PLAZA 2 4000 KENNEDY RD        WEST RICHLANDWA,,,($103.00),"$4,171.57 "
1/12/2020,POS  MAVERIK #448           RICHLAND     WAUS,,,($39.32),"$4,274.57 "
1/12/2020,POS 7-ELEVEN 1540 JADWIN AVENUE     RICHLAND     WAUS,,,($13.03),"$4,313.89 "
1/10/2020,POS  HONGS MONGOLIAN        KENNEWICK    WAUS,,,($23.77),"$4,326.92 "
1/8/2020,POS  CHIPOTLE 2573          KENNEWICK    WAUS,,,($22.91),"$4,350.69 "
1/8/2020,POS  APPLE.COM/BILL         866-712-7753 CAUS,,,($1.08),"$4,373.60 "
1/6/2020,POS 7-ELEVEN 2411 GEORGE WASH W     RICHLAND     WAUS,,,($19.00),"$4,374.68 "
1/6/2020,POS  HONGS MONGOLIAN        KENNEWICK    WAUS,,,($25.68),"$4,393.68 "
1/5/2020,ATM Withdrawal GESA CREDIT UNION 100 N HUNTINGTON STREETKENNEWICK    WAUS,,,($120.00),"$4,419.36 "
1/4/2020,POS  TRIOS HEALTH           x5802   WAUS,,,($300.22),"$4,539.36 "
1/3/2020,External Deposit INTERA  - PAYROLL,,,"$1,800.71 ","$4,839.58 "
1/3/2020,"POS  CHEVRON/CHRISTENSEN, INWEST RICHLANDWAUS",,,($42.42),"$3,038.87 "
1/2/2020,POS  RichlandAirportMiniStorRICHLAND     WAUS,,,($115.00),"$3,081.29 "
1/2/2020,POS  CHIPOTLE 2573          KENNEWICK    WAUS,,,($22.91),"$3,196.29 "
1/2/2020,POS  APPLE.COM/BILL         866-712-7753 CAUS,,,($1.08),"$3,219.20 "
12/31/2019,Credit Interest,,,$7.41 ,"$3,220.28 "
12/31/2019,POS 7-ELEVEN 2411 GEORGE WASH W     RICHLAND     WAUS,,,($12.76),"$3,212.87 "
12/30/2019,POS  COSTCO WHSE #0486      KENNEWICK    WAUS,,,($145.50),"$3,225.63 "
12/30/2019,POS  GEICO  *AUTO           800-841-3000 DCUS,,,($48.77),"$3,371.13 "
12/30/2019,External Withdrawal PAYPAL INSTANT TRANSFER - INST XFER,,,($16.28),"$3,419.90 "
12/30/2019,POS  HONGS MONGOLIAN        KENNEWICK    WAUS,,,($27.00),"$3,436.18 "
12/29/2019,POS  CHIPOTLE 2573          KENNEWICK    WAUS,,,($22.91),"$3,463.18 "
12/28/2019,ATM Withdrawal GESA CREDIT UNION 4755 PARADISE WAY WU   WEST RICHLANDWAUS,,,($100.00),"$3,486.09 "
12/26/2019,POS  APPLE.COM/BILL         866-712-7753 CAUS,,,($1.08),"$3,586.09 "
12/23/2019,POS 7-ELEVEN 2411 GEORGE WASH W     RICHLAND     WAUS,,,($6.52),"$3,587.17 "
12/23/2019,POS  HONGS MONGOLIAN        KENNEWICK    WAUS,,,($26.00),"$3,593.69 "
12/22/2019,POS CIRCLE K x6047 1405 N. WENATCHEE A    WENATCHEE    WAUS,,,($21.43),"$3,619.69 "
12/22/2019,POS  THE BLACK ORCHID       LEAVENWORTH  WAUS,,,($15.92),"$3,641.12 "
12/21/2019,POS  DAIRY QUEEN #18550     WENATCHEE    WAUS,,,($6.50),"$3,657.04 "
12/21/2019,POS  MAVERIK #448           RICHLAND     WAUS,,,($44.28),"$3,663.54 "
12/20/2019,POS  MARSHALLS #1217 2921 QURICHLAND     WAUS,,,($20.61),"$3,707.82 "
12/20/2019,ATM Withdrawal WEST RICHLAND PLAZA 2 4000 KENNEDY RD        WEST RICHLANDWA,,,($103.00),"$3,728.43 "
12/20/2019,External Withdrawal WEB - UAS  - x6227  NM103*EUAS DEBIT-     x4492\,,,($209.47),"$3,831.43 "
12/20/2019,External Deposit INTERA  - PAYROLL,,,"$1,808.22 ","$4,040.90 "
12/20/2019,POS TJ MAXX #805 1220 N COLUMBIA BLV    KENNEWICK    WAUS,,,($9.73),"$2,232.68 "
12/19/2019,POS  COSTCO WHSE #0486      KENNEWICK    WAUS,,,($162.88),"$2,242.41 "
12/19/2019,POS FRED-MEYER #0286 FRED MEYER 286         RICHLAND     WAUS,,,($261.86),"$2,405.29 "
12/18/2019,POS 7-ELEVEN 2411 GEORGE WASH W     RICHLAND     WAUS,,,($5.25),"$2,667.15 "
12/18/2019,POS  APPLE.COM/BILL         866-712-7753 CAUS,,,($1.08),"$2,672.40 "
12/18/2019,POS  SMOKE CITY             RICHLAND     WAUS,,,($16.28),"$2,673.48 "
12/17/2019,POS CIRCLE K x6037 3957 W VAN GIESEN      RICHLAND     WAUS,,,($21.57),"$2,689.76 "
12/16/2019,POS  CHIPOTLE 2573          KENNEWICK    WAUS,,,($19.87),"$2,711.33 "
12/15/2019,POS  TJ MAXX #805 1220 N COLKENNEWICK    WAUS,,,($79.56),"$2,731.20 "
12/15/2019,POS  THREE FLAMES MONGOLIAN RICHLAND     WAUS,,,($29.06),"$2,810.76 "
12/13/2019,POS 7-ELEVEN 2411 GEORGE WASH W     RICHLAND     WAUS,,,($3.26),"$2,839.82 "
12/13/2019,POS  LOURDES HEALTH NETWORK 509-542-3044 WAUS,,,($50.00),"$2,843.08 "
12/12/2019,POS  AMZN Mktp US*7839V6YF3 Amzn.com/billWAUS,,,($71.68),"$2,893.08 "
12/11/2019,POS 7-ELEVEN 2411 GEORGE WASH W     RICHLAND     WAUS,,,($7.24),"$2,964.76 "
12/11/2019,POS  APPLE.COM/BILL         866-712-7753 CAUS,,,($1.08),"$2,972.00 "
12/8/2019,POS  COSTCO WHSE #0486      KENNEWICK    WAUS,,,($235.16),"$2,973.08 "
12/7/2019,POS MARSHALLS #1217 2921 QUEENSGATE DR     RICHLAND     WAUS,,,($10.85),"$3,208.24 "
12/7/2019,POS TARGET T-2314 2941 Queensgate Dr     Richland     WAUS,,,($48.75),"$3,219.09 "
12/7/2019,POS  ULTA #1317             RICHLAND     WAUS,,,($95.57),"$3,267.84 "
12/6/2019,POS YOKES WEST RICHL 1401 BOMBING RANGE     W. RICHLAND  WAUS,,,($131.06),"$3,363.41 "
12/6/2019,POS 7-ELEVEN 2411 GEORGE WASH W     RICHLAND     WAUS,,,($10.83),"$3,494.47 "
12/6/2019,External Deposit INTERA  - PAYROLL,,,"$1,808.24 ","$3,505.30 "
12/5/2019,POS 7-ELEVEN 2411 GEORGE WASH W     RICHLAND     WAUS,,,($47.96),"$1,697.06 "
12/5/2019,POS 7-ELEVEN 2411 GEORGE WASH W     RICHLAND     WAUS,,,($4.66),"$1,745.02 "
12/5/2019,POS  CHIPOTLE 2573          KENNEWICK    WAUS,,,($19.87),"$1,749.68 "
12/4/2019,POS  APPLE.COM/BILL         866-712-7753 CAUS,,,($1.08),"$1,769.55 "
12/4/2019,External Withdrawal PAYPAL INSTANT TRANSFER - INST XFER,,,($53.16),"$1,770.63 "
12/3/2019,POS 7-ELEVEN 2411 GEORGE WASH W     RICHLAND     WAUS,,,($3.26),"$1,823.79 "
12/2/2019,POS  RichlandAirportMiniStorRICHLAND     WAUS,,,($115.00),"$1,827.05 "
12/1/2019,POS  DAIRY QUEEN #44819     RICHLAND     WAUS,,,($7.92),"$1,942.05 "
12/1/2019,POS YOKES WEST RICHL 1401 BOMBING RANGE     W. RICHLAND  WAUS,,,($12.76),"$1,949.97 "
11/30/2019,Credit Interest,,,$3.93 ,"$1,962.73 "
11/30/2019,ATM Withdrawal GESA CREDIT UNION 4755 PARADISE WAY WU   WEST RICHLANDWAUS,,,($140.00),"$1,958.80 "
11/30/2019,POS  GEICO  *AUTO           800-841-3000 DCUS,,,($48.77),"$2,098.80 "
11/30/2019,POS  THREE FLAMES MONGOLIAN RICHLAND     WAUS,,,($31.24),"$2,147.57 "
11/29/2019,POS YOKES WEST RICHL 1401 BOMBING RANGE     W. RICHLAND  WAUS,,,($34.83),"$2,178.81 "
11/29/2019,External Withdrawal PAYPAL INSTANT TRANSFER - INST XFER,,,($16.28),"$2,213.64 "
11/26/2019,POS  MAVERIK #448           RICHLAND     WAUS,,,($46.88),"$2,229.92 "
11/23/2019,POS  COSTCO WHSE #0486      KENNEWICK    WAUS,,,($197.33),"$2,276.80 "
11/23/2019,POS  APPLE.COM/BILL         866-712-7753 CAUS,,,($1.08),"$2,474.13 "
11/22/2019,POS 7-ELEVEN 2411 GEORGE WASH W     RICHLAND     WAUS,,,($3.26),"$2,475.21 "
11/22/2019,External Deposit INTERA  - PAYROLL,,,"$1,808.23 ","$2,478.47 "
11/21/2019,POS  THREE FLAMES MONGOLIAN RICHLAND     WAUS,,,($13.95),$670.24 
11/21/2019,External Withdrawal WEB - UAS  - x6227  NM103*EUAS DEBIT-     x6954\,,,($209.47),$684.19 
11/21/2019,POS  HONGS MONGOLIAN        KENNEWICK    WAUS,,,($26.00),$893.66 
11/20/2019,POS  APPLE.COM/BILL         866-712-7753 CAUS,,,($1.08),$919.66 
11/17/2019,POS  SMOKE CITY             RICHLAND     WAUS,,,($43.43),$920.74 
11/17/2019,POS  THREE FLAMES MONGOLIAN RICHLAND     WAUS,,,($30.06),$964.17 
11/16/2019,POS  APPLE.COM/BILL         866-712-7753 CAUS,,,($1.08),$994.23 
11/15/2019,POS 7-ELEVEN 2411 GEORGE WASH W     RICHLAND     WAUS,,,($46.53),$995.31 
11/13/2019,POS  CHIPOTLE 2573          KENNEWICK    WAUS,,,($23.35),"$1,041.84 "
11/12/2019,POS VIOC x0091 25 COLUMBIA POINT D    RICHLAND     WAUS,,,($233.47),"$1,065.19 "
11/10/2019,POS  COSTCO WHSE #0486      KENNEWICK    WAUS,,,($170.97),"$1,298.66 "
11/10/2019,POS FRED-MEYER #0286 FRED MEYER 286         RICHLAND     WAUS,,,($201.01),"$1,469.63 "
11/10/2019,POS  THREE FLAMES MONGOLIAN RICHLAND     WAUS,,,($30.06),"$1,670.64 "
11/7/2019,POS PANDORAS BOX 960 GEORGE WASHINGT    RICHLAND     WAUS,,,($24.95),"$1,700.70 "
11/6/2019,POS 7-ELEVEN 2411 GEORGE WASH W     RICHLAND     WAUS,,,($7.36),"$1,725.65 "
11/6/2019,"POS  CHEVRON/CHRISTENSEN, INWEST RICHLANDWAUS",,,($53.98),"$1,733.01 "
11/6/2019,POS  APPLE.COM/BILL         866-712-7753 CAUS,,,($1.08),"$1,786.99 "
11/4/2019,External Withdrawal PAYPAL INSTANT TRANSFER - INST XFER,,,($67.28),"$1,788.07 "
11/4/2019,POS  CHIPOTLE 2573          KENNEWICK    WAUS,,,($23.35),"$1,855.35 "
11/4/2019,POS  GET AIR TRI-CITIES     KENNEWICK    WAUS,,,($14.12),"$1,878.70 "
11/2/2019,POS  RichlandAirportMiniStorRICHLAND     WAUS,,,($115.00),"$1,892.82 "
11/1/2019,"External Deposit APEX SYSTEMS, LL  - DIR DEP",,,$622.56 ,"$2,007.82 "
10/31/2019,Credit Interest,,,$3.15 ,"$1,385.26 "
10/30/2019,POS PANDORAS BOX 960 GEORGE WASHINGT    RICHLAND     WAUS,,,($86.86),"$1,382.11 "
10/30/2019,POS WAL-MART #3261 2801 DUPORTAIL STRE    RICHLAND     WAUS,,,($34.97),"$1,468.97 "
10/30/2019,POS  GEICO  *AUTO           800-841-3000 DCUS,,,($48.77),"$1,503.94 "
10/30/2019,POS  APPLE.COM/BILL         866-712-7753 CAUS,,,($1.08),"$1,552.71 "
10/29/2019,POS PANDORAS BOX 960 GEORGE WASHINGT    RICHLAND     WAUS,,,($38.00),"$1,553.79 "
10/29/2019,POS WM SUPERCENTER # Wal-Mart Super Cent    RICHLAND     WAUS,,,($44.54),"$1,591.79 "
10/29/2019,ATM Withdrawal GESA CREDIT UNION 4755 PARADISE WAY WU   WEST RICHLANDWAUS,,,($100.00),"$1,636.33 "
10/28/2019,External Withdrawal PAYPAL INSTANT TRANSFER - INST XFER,,,($16.28),"$1,736.33 "
10/27/2019,POS  AUTOZONE  3733 1701 GEORICHLAND     WAUS,,,($16.28),"$1,752.61 "
10/27/2019,POS TARGET T-2314 2941 Queensgate Dr     Richland     WAUS,,,($79.10),"$1,768.89 "
10/27/2019,POS  THREE FLAMES MONGOLIAN RICHLAND     WAUS,,,($32.32),"$1,847.99 "
10/26/2019,ATM Withdrawal GESA CREDIT UNION 4755 PARADISE WAY WU   WEST RICHLANDWAUS,,,($160.00),"$1,880.31 "
10/26/2019,POS  SHELL OIL x3000  UMATILLA     ORUS,,,($47.11),"$2,040.31 "
10/25/2019,"External Deposit APEX SYSTEMS, LL  - DIR DEP",,,$896.10 ,"$2,087.42 "
10/23/2019,POS  APL*ITUNES.COM/BILL    866-712-7753 CAUS,,,($1.08),"$1,191.32 "
10/23/2019,POS  CITY OF RICHLAND       WWW.CI.RICHLAWAUS,,,($30.46),"$1,192.40 "
10/22/2019,POS  TRIOS HEALTH           509-221-5802 WAUS,,,($267.18),"$1,222.86 "
10/22/2019,POS  CHIPOTLE 2573          KENNEWICK    WAUS,,,($20.09),"$1,490.04 "
10/22/2019,POS  LOURDES HEALTH NETWORK 509-542-3044 WAUS,,,($50.00),"$1,510.13 "
10/22/2019,POS  MEN ZONE KENNEWICK     KENNEWICK    WAUS,,,($32.00),"$1,560.13 "
10/22/2019,"POS  CHEVRON/CHRISTENSEN, INWEST RICHLANDWAUS",,,($45.11),"$1,592.13 "
10/21/2019,POS  COSTCO WHSE #0486      KENNEWICK    WAUS,,,($165.92),"$1,637.24 "
10/21/2019,POS  DAIRY QUEEN #13768     RICHLAND     WAUS,,,($8.17),"$1,803.16 "
10/20/2019,POS  SAFEWAY #0333          RICHLAND     WAUS,,,($24.40),"$1,811.33 "
10/20/2019,POS  THREE FLAMES MONGOLIAN RICHLAND     WAUS,,,($17.00),"$1,835.73 "
10/18/2019,"External Deposit APEX SYSTEMS, LL  - DIR DEP",,,$896.11 ,"$1,852.73 "
10/17/2019,POS  TEXACO x2816         UMATILLA     ORUS,,,($50.63),$956.62 
10/15/2019,POS  APL*ITUNES.COM/BILL    866-712-7753 CAUS,,,($1.08),"$1,007.25 "
10/12/2019,POS  COSTCO WHSE #0486      KENNEWICK    WAUS,,,($273.09),"$1,008.33 "
10/12/2019,POS  DICK'S SPORTING GOODS  KENNEWICK    WAUS,,,($54.30),"$1,281.42 "
10/12/2019,POS  TEXACO x2816         UMATILLA     ORUS,,,($47.09),"$1,335.72 "
10/11/2019,External Deposit WA ST EMPLOY SEC  - UI BENEFIT,,,$497.00 ,"$1,382.81 "
10/9/2019,POS  SHELL OIL x2000  IRRIGON      ORUS,,,($37.36),$885.81 
10/9/2019,POS  APL*ITUNES.COM/BILL    866-712-7753 CAUS,,,($1.08),$923.17 
10/8/2019,POS  HONGS MONGOLIAN        KENNEWICK    WAUS,,,($26.00),$924.25 
10/6/2019,POS FRED-MEYER #0286 FRED MEYER 286         RICHLAND     WAUS,,,($45.62),$950.25 
10/4/2019,External Deposit WA ST EMPLOY SEC  - UI BENEFIT,,,$497.00 ,$995.87 
10/2/2019,POS  CHIPOTLE 2573          KENNEWICK    WAUS,,,($20.63),$498.87 
10/2/2019,External Withdrawal Bella Vista Oper x9709 - Rent,,,($570.59),$519.50 
10/2/2019,External Withdrawal PAYPAL INSTANT TRANSFER - INST XFER,,,($54.90),"$1,090.09 "
10/2/2019,POS  RichlandAirportMiniStorRICHLAND     WAUS,,,($115.00),"$1,144.99 "
10/2/2019,POS  LOURDES HEALTH NETWORK 509-542-3044 WAUS,,,($50.00),"$1,259.99 "
10/1/2019,POS  APL*ITUNES.COM/BILL    866-712-7753 CAUS,,,($1.08),"$1,309.99 "
10/1/2019,POS YOKES WEST RICHL 1401 BOMBING RANGE     W. RICHLAND  WAUS,,,($11.39),"$1,311.07 "
10/1/2019,"POS  CHEVRON/CHRISTENSEN, INWEST RICHLANDWAUS",,,($48.53),"$1,322.46 "
10/1/2019,ATM Deposit GESA CREDIT UNION 4755 PARADISE WAY WU   WEST RICHLANDWAUS,,,$200.00 ,"$1,370.99 "
9/30/2019,Credit Interest,,,$2.48 ,"$1,170.99 "
9/30/2019,POS  GEICO  *AUTO           800-841-3000 DCUS,,,($48.77),"$1,168.51 "
9/30/2019,External Withdrawal PAYPAL INSTANT TRANSFER - INST XFER,,,($16.28),"$1,217.28 "
9/26/2019,External Deposit WA ST EMPLOY SEC  - UI BENEFIT,,,$497.00 ,"$1,233.56 "
9/26/2019,POS  HONGS MONGOLIAN        KENNEWICK    WAUS,,,($26.35),$736.56 
9/25/2019,POS  APL*ITUNES.COM/BILL    866-712-7753 CAUS,,,($1.08),$762.91 
9/23/2019,External Withdrawal Carta e77fc3984 EDI - EDI PYMNTS,,,($366.63),$763.99 
9/21/2019,POS  COSTCO WHSE #0486      KENNEWICK    WAUS,,,($117.87),"$1,130.62 "
9/21/2019,POS FRED-MEYER #0163 FRED MEYER 163         KENNEWICK    WAUS,,,($124.26),"$1,248.49 "
9/20/2019,External Withdrawal CSI RchLnd PRE-AUTH TRANSACTION - UTLPAYMENT,,,($125.26),"$1,372.75 "
9/20/2019,External Deposit PAYPAL TRANSFER - TRANSFER,,,$1.85 ,"$1,498.01 "
9/20/2019,External Deposit PAYPAL TRANSFER - TRANSFER,,,$21.53 ,"$1,496.16 "
9/19/2019,External Deposit WA ST EMPLOY SEC  - UI BENEFIT,,,$497.00 ,"$1,474.63 "
9/19/2019,External Withdrawal PAYPAL INSTANT TRANSFER - INST XFER,,,($1.35),$977.63 
9/19/2019,IAT Withdrawal IAT PAYPAL  x4131  COLVNECK,,,($15.70),$978.98 
9/18/2019,POS  DQ GRILL & CHILL #41661RICHLAND     WAUS,,,($6.51),$994.68 
9/18/2019,POS CIRCLE K x6037 3957 W VAN GIESEN      RICHLAND     WAUS,,,($43.71),"$1,001.19 "
9/18/2019,POS  APL*ITUNES.COM/BILL    866-712-7753 CAUS,,,($1.08),"$1,044.90 "
9/17/2019,POS TJ MAXX #805 1220 N COLUMBIA BLV    KENNEWICK    WAUS,,,($11.72),"$1,045.98 "
9/16/2019,POS  CHIPOTLE 2573          KENNEWICK    WAUS,,,($20.63),"$1,057.70 "
9/16/2019,IAT Withdrawal IAT PAYPAL  x4872  YU YAO SHI MAI DUN MAO YI YOU XIAN,,,($21.53),"$1,078.33 "
9/16/2019,External Withdrawal PAYPAL INSTANT TRANSFER - INST XFER,,,($1.85),"$1,099.86 "
9/16/2019,POS  SQ *ROASTERS WEST R    WEST RICHLANDWAUS,,,($4.50),"$1,101.71 "
9/15/2019,POS  COSTCO WHSE #0486      KENNEWICK    WAUS,,,($131.82),"$1,106.21 "
9/13/2019,External Deposit WA ST EMPLOY SEC  - UI BENEFIT,,,$497.00 ,"$1,238.03 "
9/12/2019,POS  OUTBACK 4617           KENNEWICK    WAUS,,,($100.71),$741.03 
9/11/2019,POS  ALBERTSONS #0252       RICHLAND     WAUS,,,($25.37),$841.74 
9/11/2019,POS  APL*ITUNES.COM/BILL    866-712-7753 CAUS,,,($1.08),$867.11 
9/10/2019,POS FRED-MEYER #0163 FRED MEYER 163         KENNEWICK    WAUS,,,($74.85),$868.19 
9/10/2019,POS  HONGS MONGOLIAN        KENNEWICK    WAUS,,,($25.00),$943.04 
9/9/2019,External Deposit WA ST EMPLOY SEC  - UI BENEFIT,,,$497.00 ,$968.04 
9/9/2019,External Withdrawal CHARTER COMMUNIC  - CHARTER CO,,,($65.99),$471.04 
9/6/2019,POS  SAFEWAY #0333          RICHLAND     WAUS,,,($36.86),$537.03 
9/6/2019,POS  ARCO#82778AMPM 82778   YAKIMA       WAUS,,,($33.18),$573.89 
9/4/2019,POS  MARSHALLS #1217 2921 QURICHLAND     WAUS,,,($42.95),$607.07 
9/4/2019,POS  APL*ITUNES.COM/BILL    866-712-7753 CAUS,,,($1.08),$650.02 
9/4/2019,POS  AUTO EXPERTS           RICHLAND     WAUS,,,($418.60),$651.10 
9/4/2019,External Withdrawal Bella Vista Oper x3788 - Rent,,,($34.52),"$1,069.70 "
9/3/2019,POS  COSTCO WHSE #0486      KENNEWICK    WAUS,,,($176.16),"$1,104.22 "
9/3/2019,POS FRED-MEYER #0286 FRED MEYER 286         RICHLAND     WAUS,,,($114.10),"$1,280.38 "
9/3/2019,POS  RichlandAirportMiniStorRICHLAND     WAUS,,,($115.00),"$1,394.48 "
9/3/2019,POS  USPS CHANGE OF ADDRESS 800-238-3150 TNUS,,,($1.05),"$1,509.48 "
8/31/2019,Credit Interest,,,$3.10 ,"$1,510.53 "
8/30/2019,POS  GEICO  *AUTO           800-841-3000 DCUS,,,($48.77),"$1,507.43 "
8/30/2019,POS  HONGS MONGOLIAN        KENNEWICK    WAUS,,,($21.33),"$1,556.20 "
8/29/2019,POS FRED M FUEL #928 101 WELLSIAN WAY       RICHLAND     WAUS,,,($34.04),"$1,577.53 "
8/29/2019,POS FRED-MEYER #0286 FRED MEYER 286         RICHLAND     WAUS,,,($74.29),"$1,611.57 "
8/28/2019,POS  APL*ITUNES.COM/BILL    866-712-7753 CAUS,,,($1.08),"$1,685.86 "
8/28/2019,External Withdrawal PAYPAL INSTANT TRANSFER - INST XFER,,,($16.28),"$1,686.94 "
8/28/2019,External Deposit WA ST EMPLOY SEC  - UI BENEFIT,,,$497.00 ,"$1,703.22 "
8/27/2019,POS  TRIOS HEALTH           x5802   WAUS,,,($126.08),"$1,206.22 "
8/27/2019,POS  ALBERTSONS STORE  0252 RICHLAND     WAUS,,,($21.40),"$1,332.30 "
8/27/2019,POS  CHIPOTLE 2573          KENNEWICK    WAUS,,,($20.63),"$1,353.70 "
8/27/2019,POS  TRICITIESLABORATORYLLC 800-433-1583 WAUS,,,($231.92),"$1,374.33 "
8/26/2019,POS  TACO BELL #x4328      RICHLAND     WAUS,,,($5.84),"$1,606.25 "
8/26/2019,POS  TACO BELL x0507       RICHLAND     WAUS,,,($8.75),"$1,612.09 "
